2784 4838
153 196 233 283 ³⁰0
691 202 818 283 uta.
1373 300 1378 337 Ι

1372 358 1376 419 i

151 410 209 463 rm
217 397 313 459 itales
332 410 400 462 sunt
424 402 453 473 ii,
476 418 551 481 quos
572 410 679 481 poetae
700 402 804 464 comici
825 400 996 483 producunt
1016 408 1161 479 agrestes,
1186 401 1239 482 qui
1259 419 1297 463 ne
1316 402 1347 463 ed
1373 434 1376 443 ·

192 498 221 541 ω
239 487 421 551 moderatam
444 490 562 570 quidem
583 498 611 550 et
633 491 831 553 necessariam
848 490 1031 569 voluptatem
1053 489 1215 551 accedunt.
1373 468 1378 553 i

325 576 385 637 Sed
405 595 496 657 qurum
517 578 546 638 in
565 579 765 658 voluptatibus
784 578 829 639 vir
849 586 1021 657 temperans
1042 586 1201 651 cernatur,
1225 578 1346 640 eundem

240 664 328 725 etiam
350 666 379 726 in
413 666 621 745 cupiditatibus
650 666 824 745 quibusdam
848 666 930 727 cerni
951 683 1076 726 necesse
1094 674 1150 727 est
1195 666 1347 739 Quaeritur
1375 618 1380 717 i

238 752 327 831 igitur
345 753 374 813 in
396 753 511 833 quibus.
549 753 651 833 Neqrre
672 754 750 815 euim
770 754 799 816 iu
819 754 956 815 omnibus
975 752 1187 834 cupiditatibus
1206 772 1305 835 neque
1320 754 1345 814 in
1375 798 1379 851 Ι

238 840 376 901 omnibus
407 840 606 921 vuluptatibus
636 842 680 902 rir
709 851 879 923 temperans
907 860 941 901 se
970 850 1190 920 temperantem
1219 842 1346 923 praebet.

237 928 291 989 sed
313 928 518 990 tautummodo
539 930 569 989 in
589 929 714 1002 duobus
733 940 765 991 ut
785 930 910 998 ridetur,
931 928 1099 1001 sensilibus,
1122 928 1243 991 scilicet
1258 929 1290 991 in
1305 929 1346 1001 iis,
1374 898 1378 1025 i

193 1024 221 1068 ²⁵
240 1034 316 1097 «lirae
338 1025 453 1095 gristatu
476 1025 504 1077 et
527 1016 655 1079 tactinne
674 1018 859 1081 sentiuntur.
883 1036 916 1079 re
935 1035 1004 1078 cera
1025 1025 1124 1078 autem
1146 1016 1179 1079 in
1202 1016 1256 1089 iis,
1279 1036 1347 1099 quae
1375 1056 1378 1121 Ι

240 1111 318 1165 tactu
336 1105 521 1165 sentiuntur:
542 1123 610 1165 nam
627 1105 657 1165 in
675 1106 709 1166 iis
726 1106 934 1185 uoluptatibus,
954 1122 1029 1185 quae
1045 1104 1193 1185 adspectu
1210 1106 1346 1185 pulcbro-

239 1210 305 1253 rum
326 1192 391 1253 sinc
414 1192 575 1272 cupiditate
598 1193 719 1254 l'eneris
739 1202 897 1273 parantur.
927 1202 957 1254 et
977 1191 1061 1252 iniis
1082 1192 1248 1267 molestiis,
1278 1212 1346 1275 quae
1375 1194 1378 1237 l

238 1280 380 1359 adspectu
399 1280 529 1360 turpium
553 1280 736 1343 sentiuntur.
762 1290 791 1341 et
807 1282 838 1341 iu
860 1279 896 1341 iis
915 1279 1115 1359 voluptatibus
1133 1280 1181 1341 rel
1196 1280 1345 1351 molestiis,
1375 1266 1378 1287 '

237 1386 312 1448 quae
331 1367 482 1429 auditione
505 1387 705 1429 correrinorum
727 1370 772 1429 rel
793 1370 991 1440 dissononun,
1015 1366 1091 1429 etin
1112 1366 1157 1439 iis,
1178 1388 1258 1449 quse
1277 1369 1346 1430 odo·
1375 1380 1378 1433 Ι

235 1456 351 1518 ratione
371 1455 449 1517 bene
467 1456 610 1517 olentium
626 1456 672 1517 rel
689 1458 765 1517 male
782 1456 924 1517 olentium
941 1456 1115 1527 excitantur,
1137 1456 1171 1517 in
1188 1456 1236 1519 bis
1254 1458 1346 1519 omni·
1374 1500 1377 1507 -

192 1556 221 1599 so
237 1544 294 1605 bus
318 1563 379 1605 non
410 1552 455 1604 est
482 1544 565 1605 lorus
595 1544 818 1623 temperantiae.
878 1544 979 1623 Neque
1009 1542 1090 1605 enim
1115 1543 1277 1625 quisquam
1305 1562 1345 1616 eo,

237 1632 317 1712 quod
339 1632 445 1693 borum
468 1632 566 1712 alirpm
584 1632 728 1693 alliciatur
745 1642 794 1692 nm
816 1650 877 1692 non
896 1631 1055 1703 alliciatur,
1078 1630 1286 1713 intemperans
1307 1632 1347 1693 di·

237 1720 322 1781 citur.
367 1720 439 1779 b'nnt
460 1720 569 1798 siquis
592 1728 716 1780 statuam
740 1720 893 1799 pulchram
914 1718 960 1779 rel
983 1719 1141 1799 pulchrum
1161 1738 1275 1801 emunt
1296 1722 1346 1782 bo·

235 1808 383 1870 minemre
402 1809 607 1888 contemplans
629 1815 679 1867 aut
701 1808 725 1868 si
744 1808 810 1887 ipris
830 1808 954 1869 audieus
969 1815 1126 1868 canentem
1143 1826 1246 1889 neque
1262 1808 1346 1871 edere
1373 1788 1377 1871 i

235 1914 333 1975 neque
354 1895 457 1957 bibere
480 1914 629 1976 recurrere
654 1895 785 1956 l'euerea
805 1896 846 1956 uti
864 1894 950 1967 relit,
978 1895 1032 1956 sed
1058 1895 1185 1975 pulchra
1207 1896 1259 1959 illa
1281 1915 1345 1977 spe·
1376 1912 1382 1943 t

237 1992 317 2045 ctare
334 1992 364 2043 et
386 1992 527 2043 canentes
544 1984 646 2044 audire
663 1984 754 2057 malit,
774 1983 820 2045 bic
840 2002 901 2045 non
916 1983 1033 2044 ridetur
1050 2000 1117 2043 esse
1135 1982 1345 2065 intemperans,

189 2082 217 2125 se
237 2071 485 2152 (prtenradmodum
515 2092 553 2133 ne
583 2071 623 2133 illi
655 2072 774 2151 quidem
805 2073 853 2152 cpui
885 2070 1006 2131 deleniti
1034 2081 1158 2131 eranta
1184 2072 1345 2134 Sirenibm.

235 2160 343 2219 l'erum
365 2160 570 2221 tantummodo
594 2160 624 2219 in
653 2160 699 2221 bis
721 2160 837 2220 (lucibus
859 2158 1034 2227 sensilibus,
1064 2158 1094 2219 in
1123 2158 1234 2239 quinus
1265 2160 1345 2222 etiam

234 2246 346 2326 reliqua
368 2247 525 2308 animantia
547 2265 636 2308 seusu
658 2248 754 2325 galidii
778 2258 805 2307 et
827 2246 938 2307 doloris
959 2246 1199 2327 perfunduntur,
1221 2248 1284 2312 boc
1306 2258 1344 2310 est

233 2335 279 2397 iis.
301 2353 375 2413 quae
398 2344 514 2412 gustatu
539 2344 568 2396 ct
591 2336 718 2396 tactioue
739 2336 918 2398 sentiuntur.
941 2334 1023 2395 cerni
1044 2334 1181 2397 rideatur
1204 2336 1251 2399 vir
1272 2346 1341 2399 tem·
1376 2384 1380 2423 Ι

234 2440 351 2503 perans.
399 2422 528 2502 lleliquis
550 2433 648 2483 autem
669 2423 820 2495 iucundis,
849 2442 923 2503 (pune
945 2423 1053 2483 ceteris
1078 2422 1218 2485 sensibus
1250 2426 1343 2505 perci·
1376 2426 1380 2497 Ι

148 2509 372 2589 natspiuntur.
402 2529 506 2571 (enarres
529 2511 651 2571 omnino
676 2510 786 2570 bestiae
809 2529 868 2570 non
896 2510 1035 2571 ridentur
1059 2510 1191 2585 moveri,
1221 2512 1343 2593 exempli
1379 2542 1382 2547 ·

233 2615 319 2658 causa
341 2598 494 2658 liarmonia
517 2599 561 2658 rel
583 2598 818 2677 pulchritudine:
842 2598 912 2658 nibil
930 2599 1019 2669 enim,
1042 2598 1122 2678 qnod
1140 2596 1269 2661 alicuius
1285 2620 1344 2663 mo·

231 2684 322 2746 menti
351 2685 405 2755 sit,
436 2686 549 2746 moseri
578 2686 714 2746 ridentur
741 2686 884 2765 adspectu
906 2685 1098 2765 pulcbrorum
1128 2687 1176 2747 vel
1195 2688 1343 2749 auditione

232 2791 450 2841 consotiorum,
482 2775 537 2834 uisi
561 2774 637 2833 sorte
660 2774 863 2852 prodigiosum
887 2772 984 2834 luerit.
1034 2773 1077 2834 Ac
1098 2791 1138 2833 ne
1158 2774 1241 2837 bene
1265 2775 1344 2838 olen·

199 2872 214 2912 ³
233 2862 309 2922 tibus
329 2860 448 2940 quidem
465 2872 514 2922 aut
538 2862 613 2921 male
634 2861 798 2921 olentibus:
826 2879 1004 2940 quamquam
1020 2860 1157 2922 sensibus
1181 2862 1343 2925 acrioribus

233 2957 369 3010 utuutur:
399 2958 428 3009 at
446 2949 533 3009 etiam
556 2949 697 3009 odoribus
719 2949 754 3008 iis
775 2949 921 3026 garrdent,
952 2949 1001 3028 qui
1020 2968 1076 3028 per
1097 2948 1257 3025 accidens,
1288 2970 1342 3013 non

232 3056 287 3116 per
302 3056 368 3097 sese
384 3037 540 3097 delectant.
565 3036 623 3095 l'er
641 3037 777 3097 accidens
794 3044 893 3097 autem
910 3036 1059 3097 delectare
1073 3037 1139 3098 dico
1155 3055 1210 3099 eos
1228 3040 1343 3111 odores,

232 3125 337 3205 quibus
360 3124 521 3202 gaudemus
543 3124 581 3184 ob
602 3143 686 3204 spem
711 3124 756 3185 rel
779 3125 817 3183 ob
833 3124 1016 3195 memoriam,
1042 3124 1170 3205 exempli
1193 3126 1290 3204 gratia
1310 3128 1342 3188 ob
1377 3138 1382 3247 p

231 3232 316 3291 spem
347 3213 392 3272 rel
416 3212 588 3273 memoriam
616 3212 731 3272 obsonii
762 3212 805 3271 rel
839 3220 944 3291 potus:
976 3230 1045 3272 nam
1069 3211 1114 3273 bis
1139 3212 1288 3277 odoribus
1309 3215 1341 3276 ob

188 3314 213 3356 to
232 3300 316 3360 aliam
342 3299 521 3379 voluptatem
553 3300 732 3376 gariclemus,
761 3299 868 3360 edendi
894 3299 1008 3360 scilicet
1037 3300 1084 3361 rel
1111 3299 1247 3365 bibendi.
1290 3302 1343 3364 Per
1378 3344 1382 3387 Ι

230 3407 296 3448 sese
313 3395 410 3447 autem
429 3387 576 3447 delectare
595 3386 661 3448 dico
679 3388 752 3447 tales
770 3387 889 3453 odores,
908 3388 1009 3467 quales
1028 3394 1098 3448 sunt
1113 3388 1232 3451 llorum.
1262 3390 1342 3453 Unde
1380 3402 1384 3439 ἱ

230 3493 302 3535 sane
333 3474 429 3553 lepide
454 3474 525 3534 dixit
544 3474 744 3547 Stratonicus,
774 3474 829 3535 alia
855 3475 1015 3554 pulchrum
1037 3475 1136 3547 olere,
1162 3476 1219 3537 alia
1247 3496 1341 3540 snare.

229 3562 361 3641 Namque
386 3580 446 3621 nou
469 3562 605 3622 omuibus
625 3563 842 3642 voluptatibus,
867 3582 948 3642 qtrae
969 3562 1088 3643 quidem
1105 3564 1257 3641 gustando
1276 3585 1342 3647 per·

231 3649 389 3728 cipiuntur,
413 3649 523 3710 bestiae
545 3659 712 3719 morentur,
735 3670 833 3730 neque
855 3650 970 3723 talibus,
992 3667 1068 3729 quac
1090 3658 1223 3713 extrema
1247 3654 1342 3733 lingua

231 3735 408 3808 sentiuntur,
428 3738 481 3797 scd
506 3739 710 3799 tantummodo
726 3738 761 3800 iis
782 3746 951 3816 tanguntur,
977 3756 1052 3817 quae
1068 3738 1136 3816 gula
1154 3756 1191 3800 ac
1211 3740 1343 3804 saucibus

229 3824 412 3886 sentiuntur:
439 3825 518 3905 atqui
543 3826 615 3886 haec
637 3826 752 3887 allectio
777 3826 866 3888 tactui
887 3824 1010 3887 similior
1035 3825 1154 3889 videtur
1176 3846 1267 3909 quem
1294 3848 1344 3910 gu·

187 3923 212 3967 ¹³
231 3912 297 3974 stoi.
346 3914 443 3986 Quare
462 3912 597 3974 homines
615 3914 709 3992 gulosi
735 3932 796 3975 nou
818 3920 923 3993 optant
940 3913 995 3973 sibi
1018 3918 1052 3975 ut
1068 3913 1201 3993 linguam
1218 3917 1344 3979 habeant
1380 3902 1384 3989 Ι

231 4002 364 4080 longam,
395 4002 448 4062 sed
478 4009 510 4061 ut
533 4000 614 4079 gruis
640 4010 798 4079 gutturae
828 4003 947 4074 lauces,
983 4000 1013 4062 id
1043 4000 1124 4082 quod
1145 4002 1203 4065 sibi
1226 4005 1343 4087 optabat
1380 4049 1384 4101 1

230 4089 410 4151 Philoxenus
428 4089 561 4169 Eryxidis
583 4088 670 4151 lilius
1380 4106 1384 4137 ι

311 4176 414 4256 ltaque
434 4177 464 4238 in
486 4177 539 4249 iis,
562 4196 637 4258 quae
654 4185 734 4238 tactu
756 4177 932 4249 sentiantur,
954 4176 1066 4239 versari
1085 4176 1342 4259 intemperantiam
1379 4210 1384 4293 Ι

232 4262 388 4326 dicendum
417 4272 477 4326 est:
506 4272 536 4327 et
557 4264 588 4325 in
611 4265 717 4328 talibus
740 4264 939 4344 voluptatibus
962 4264 1166 4345 percipiendis
1187 4268 1282 4331 bomo
1302 4268 1343 4329 in·

232 4356 403 4431 temperans
431 4360 593 4432 occupatus
623 4360 677 4415 est.
735 4353 808 4414 Nam
831 4352 992 4415 vinolentia
1021 4359 1052 4414 et
1079 4353 1228 4417 romcitas
1250 4363 1282 4421 el
1302 4373 1343 4417 sa-
1378 4336 1384 4453 Ι

184 4450 213 4493 so
231 4437 332 4500 tacitas
352 4446 384 4502 et
403 4439 549 4519 ligurritio
567 4450 598 4502 et
616 4441 715 4505 omnia
738 4440 814 4513 talia,
832 4440 864 4504 in
883 4458 976 4522 qnae,
995 4446 1147 4523 nmquam
1166 4440 1200 4507 in
1220 4444 1342 4529 specics,
1381 4460 1384 4485 ²
