2776 4836
650 123 675 160 Ι

584 233 688 308 ‘'Vlll.
721 236 750 306 l.
1197 229 1274 312 335

74 423 235 488 tanatum
255 431 285 486 et
306 423 385 485 vesci
407 424 472 485 cibe
493 432 652 506 possumus
676 432 706 485 et
728 444 856 486 cornere.
893 423 1034 485 Similiter
1050 423 1136 484 ctiam
1152 424 1274 486 scientia

165 511 277 591 duplici
299 511 389 572 modo
412 512 452 574 uti
472 531 648 594 possumus:
678 532 746 579 stain
771 521 800 574 et
827 531 913 573 error
939 518 969 572 et
990 509 1129 571 veritasa
1152 510 1275 572 seientia

165 598 267 660 venire
289 607 404 679 potest:
443 601 571 681 exempli
589 599 680 679 gratia
704 620 793 679 quum
812 600 877 680 quis
895 597 995 661 sciens
1014 615 1077 657 non
1097 605 1179 659 recte
1201 599 1275 659 scri·

163 686 216 758 bit,
234 687 304 748 dum
323 686 398 748 alius
418 708 477 749 rien
498 696 580 749 reete
597 687 699 750 scribit
719 689 757 748 eli
777 686 982 766 ignorantiam,
1001 683 1026 744 si
1045 683 1175 764 exempli
1189 705 1275 747 causa

165 774 275 847 nescit,
300 794 359 854 quo
386 784 473 855 paeto
496 795 585 837 manu
606 775 636 836 in
667 775 825 836 scribendo
848 781 965 846 utatur,
996 791 1120 851 caraque
1144 771 1175 832 in
1201 772 1281 849 scri-x

164 862 263 923 nendo
289 871 450 924 convertat.
503 861 644 924 Similiter
673 862 836 924 saltatrices
864 861 953 923 modo
983 859 1061 941 pede
1091 877 1147 938 pro
1175 879 1275 933 mann,

118 961 147 1005 aa
166 949 260 1010 mndn¹
284 968 373 1010 manu
404 959 552 1032 tamquam
581 952 658 1031 pede
688 957 821 1012 utuntur.
873 948 904 1008 Si
934 966 1004 1009 vero
1027 965 1131 1009 omnes
1152 947 1275 1009 virtutes

165 1044 267 1098 essent
296 1036 452 1111 scientiae,
491 1039 596 1100 liceret
625 1038 712 1099 etiam
743 1036 850 1099 iustitia
876 1035 917 1096 uti
948 1042 1096 1115 tamquam
1126 1035 1275 1097 iniustitia.

163 1124 275 1186 lninste
294 1124 383 1202 igitur
400 1135 511 1205 ageret,
533 1125 592 1206 qui,
613 1133 701 1187 utens
718 1125 836 1196 institia,
853 1125 965 1185 laceret
982 1121 1100 1195 iniuste,
1123 1123 1200 1186 sicut
1215 1123 1275 1196 ille,

165 1211 215 1291 qui
233 1219 367 1273 uteretur
383 1214 522 1286 scientia,
540 1231 629 1292 agere
646 1220 750 1294 posset
767 1211 904 1292 imperite
926 1229 961 1271 ac
980 1209 1097 1272 stolido.
1141 1211 1228 1284 Quod
1251 1210 1276 1271 si

76 1299 231 1362 taen-fiee·
253 1300 364 1379 nequit,
388 1302 511 1363 virtutes
533 1308 659 1381 apparet
679 1320 740 1363 non
763 1319 830 1362 esse
848 1297 994 1361 scientias.
1035 1297 1078 1357 Ae
1093 1296 1118 1358 si
1133 1298 1198 1360 lieri
1215 1317 1276 1359 nnn

165 1395 274 1468 potest,
298 1395 329 1449 ut
347 1387 376 1448 in
394 1389 560 1469 ignorantia
582 1389 709 1452 versaris
725 1387 833 1450 auxilio
852 1384 1038 1467 prudentiae,
1060 1385 1114 1447 sed
1132 1385 1167 1457 si,
1186 1405 1276 1466 quum

166 1474 318 1554 praeditus
337 1476 459 1539 scientia
481 1497 522 1551 es,
542 1495 668 1559 peccare
689 1477 727 1538 ad
745 1494 893 1538 summum
915 1481 1012 1552 potes,
1035 1492 1068 1535 se
1090 1491 1129 1535 ne
1150 1473 1191 1534 ita
1212 1473 1277 1553 qui-

166 1563 235 1624 dem
253 1563 340 1642 plane
360 1566 463 1627 eadem
482 1565 563 1638 lacis,
584 1584 659 1644 quae
680 1565 750 1626 lacit
768 1565 804 1637 is,
827 1562 875 1643 qui
892 1567 1028 1622 versatur
1042 1560 1073 1622 in
1095 1559 1275 1640 ignorantia:

164 1669 225 1712 non
248 1652 383 1729 prolecto
406 1653 456 1714 ille
479 1654 587 1725 laonio,
611 1652 773 1734 qui‘ntitur
794 1648 922 1729 iustitia,
955 1648 1082 1728 perinde
1103 1656 1170 1728 aget
1187 1655 1276 1727 atque

164 1737 214 1799 ille
236 1739 343 1808 horno,
372 1740 421 1818 qni
447 1740 587 1801 iniustitia
611 1733 713 1802 utitur.
761 1740 820 1800 Sed
842 1737 866 1798 si
895 1735 1055 1817 prudentia
1075 1736 1197 1798 scicntia
1222 1744 1276 1809 est,

130 1833 145 1875 ⁸
166 1825 270 1887 eadem
290 1827 401 1902 poterit
422 1835 451 1888 et
468 1847 572 1889 verum
595 1827 707 1906 aliquid
729 1835 760 1888 et
775 1827 855 1887 idem
874 1844 945 1887 sane
965 1825 1094 1897 efficere,
1119 1823 1199 1903 quod
1220 1823 1276 1886 im·

165 1910 340 1992 prudentia:
364 1931 431 1973 nam
455 1915 551 1992 possit
572 1915 661 1975 horno
685 1914 892 1995 imprudenter
909 1930 998 1990 agere
1020 1930 1037 1971 a
1057 1911 1224 1990 prudentia,
1248 1919 1277 1972 et

166 1998 278 2079 pariter
300 2018 425 2077 peccare
452 2010 540 2082 atque
565 2001 749 2082 imprudens.
798 2001 829 2061 Si
852 2018 922 2060 sere
946 1998 1072 2078 simplex
1102 2006 1178 2060 esset
1205 2018 1276 2060 usus

165 2085 395 2166 uniuscuiusque
411 2088 464 2160 rei,
484 2097 630 2170 quatenus
645 2090 710 2151 talis
730 2097 785 2159 est,
805 2088 970 2168 prudenter
985 2085 1087 2165 utique
1100 2095 1224 2166 agerent
1237 2087 1277 2147 ita

164 2181 295 2253 agentes.
337 2175 369 2236 ln
393 2176 499 2239 ceteris
516 2177 634 2257 (paridem
655 2177 785 2239 scientiis
801 2175 856 2236 alia
879 2175 1023 2252 quaedam
1042 2173 1184 2255 princeps
1204 2194 1277 2236 con·

117 2272 145 2318 10
165 2261 332 2323 versionem
349 2263 426 2324 lacit.
460 2265 520 2327 Sed
539 2265 609 2345 rprid
627 2267 712 2336 lianc,
730 2283 804 2345 qnae
820 2261 1019 2343 principatum
1036 2263 1168 2324 omnium
1184 2270 1276 2335 tenet,

165 2346 334 2411 convertit?
363 2351 428 2413 Non
448 2353 571 2414 scientia
585 2362 635 2414 aut
651 2372 745 2424 mens,
767 2371 801 2413 ac
818 2370 857 2412 ne
877 2340 1108 2429 virtns⁸quidem
1129 2350 1186 2412 alia
1201 2351 1278 2412 hanc

165 2445 340 2499 convertere
361 2441 480 2518 proterit
526 2441 598 2502 Nam
616 2443 671 2502 lrac
692 2440 739 2501 illa
762 2439 871 2501 utitur:
901 2437 1046 2517 siquidem
1069 2439 1162 2500 virtus
1180 2438 1277 2518 impe·
1363 2496 1369 2504 .

165 2525 257 2587 rantis
275 2524 381 2589 uirtute
404 2529 571 2590 obedientis
592 2528 692 2591 utitur.
738 2527 886 2601 Quidnam
908 2525 997 2604 igitur
1022 2545 1087 2588 eam
1107 2522 1277 2588 convertit?

163 2614 209 2674 rln
226 2614 303 2673 lorte
325 2615 364 2675 ita
386 2635 419 2677 se
438 2618 543 2688 habet,
566 2624 598 2678 nt
617 2615 830 2678 incontinentia
854 2612 961 2675 dicitnr
978 2613 1081 2676 vitium
1100 2614 1277 2676 irrationalis

164 2700 256 2781 partis
277 2701 383 2773 animi,
411 2713 441 2765 et
461 2713 493 2765 nt
513 2705 716 2785 intemperans
738 2711 861 2764 vocatur
885 2701 951 2775 ille,
965 2710 967 2715 “
983 2701 1032 2782 qui
1057 2710 1154 2764 tamen
1176 2709 1277 2762 mente

164 2784 280 2850 utitur?
315 2788 457 2854 Nimirum
484 2811 576 2872 quum
604 2791 748 2872 cupiditas
775 2791 934 2851 vehemens
964 2799 994 2850 et
1019 2789 1194 2869 praevalens
1221 2797 1276 2859 est,

117 2891 146 2935 tn
166 2885 228 2937 tum
252 2895 286 2936 ea
308 2887 438 2941 mentem
463 2879 609 2942 corrnertit
631 2887 660 2940 et
679 2878 761 2950 talia,
782 2897 857 2957 qnae
880 2882 978 2938 rectae
1000 2876 1107 2937 rationi
1129 2877 1276 2938 contraria

164 2971 243 3036 snut,
271 2965 471 3028 ratiocinatur.
513 2966 600 3040 Quod
627 2967 651 3027 si
673 2966 703 3026 in
723 2975 809 3045 parte
830 2962 992 3025 irrationali
1014 2965 1057 3024 vis
1079 2965 1276 3043 aequandam

165 3052 362 3131 praestantia,
391 3054 420 3115 in
442 3054 577 3116 rationali
598 3062 682 3134 parte
704 3073 776 3121 reru
797 3049 981 3114 imbecillitas
1005 3059 1066 3112 est:
1095 3058 1159 3112 tum
1181 3059 1277 3113 certa·

164 3158 234 3202 men
258 3139 313 3200 erit
336 3142 441 3203 harum
465 3141 593 3221 partium
620 3143 661 3219 [et
679 3141 818 3220 superior
836 3138 893 3200 erit
910 3157 980 3217 pars
1002 3138 1179 3200 irrationalis
1201 3158 1276 3218 quae

164 3227 199 3286 ad
223 3228 300 3288 male
321 3230 468 3305 agendum
487 3228 618 3308 pellicit].
653 3229 755 3310 ltaque
775 3227 838 3288 lieri
858 3227 968 3306 potest,
986 3235 1020 3288 ut
1038 3226 1148 3288 iustitia
1167 3226 1276 3289 iniuste

165 3321 195 3373 et
216 3317 423 3394 praeeuntis,
443 3325 473 3377 et
493 3326 526 3377 ut
548 3316 705 3395 prudentia
721 3314 813 3376 utaris
834 3313 1051 3394 imprudenter.
1090 3315 1168 3392 Ergo
1188 3314 1276 3378 etiam

165 3401 344 3463 contrarium
367 3404 502 3465 accidere
524 3411 632 3482 potest.
676 3404 748 3465 Nam
769 3402 931 3464 absurdum
955 3410 1010 3474 est,
1033 3401 1056 3462 si
1075 3402 1223 3473 virtutem,
1246 3405 1275 3465 in

115 3499 146 3541 2⁰
165 3488 308 3550 rationali·
329 3499 413 3570 parte
443 3490 531 3551 animi
560 3491 703 3571 positam,
736 3489 878 3551 vitiositas
904 3491 1065 3569 quaedam,
1100 3490 1130 3551 in
1160 3491 1276 3553 ratione

164 3595 300 3648 nascens,
319 3586 472 3639 convertat
494 3586 525 3639 et
541 3578 735 3657 ignorantiam
752 3578 855 3658 pariat,
875 3576 967 3639 virtus
983 3597 1055 3640 vero
1076 3577 1275 3658 insipientiam

161 3663 251 3734 illam,
271 3683 345 3743 quae
367 3666 397 3727 in
419 3673 505 3746 parte
527 3665 687 3727 irrationali
711 3675 764 3740 est,
788 3685 849 3727 nnn
874 3674 1028 3728 convertat
1048 3685 1083 3727 ae
1104 3685 1165 3727 non
1182 3667 1278 3745 possit

165 3752 301 3823 efficere,
333 3761 366 3813 ut
388 3755 552 3833 prudenter
575 3762 605 3814 tn
630 3761 661 3814 et
686 3762 719 3815 ut
741 3755 827 3816 decet
846 3753 976 3815 iudices:
1003 3761 1090 3833 atcpse
1114 3753 1200 3814 etiam
1223 3755 1275 3816 ab·

163 3838 287 3900 surdum
312 3848 373 3908 est,
403 3841 609 3920 prudentiam,
641 3861 716 3920 quae
739 3849 785 3902 est
809 3841 839 3901 in
864 3850 948 3921 parte
976 3840 1098 3905 rationis
1126 3848 1274 3920 compote,

165 3927 284 3987 efficere
307 3935 339 3988 ut
360 3927 597 4008 intemperantia,
620 3948 695 4006 quae
715 3928 745 3990 in
763 3928 922 3990 irrationali
945 3937 1030 4010 parte
1048 3928 1105 3989 sita
1128 3936 1189 4001 est,
1209 3948 1275 3991 sese

166 4012 328 4075 confineat:
349 4017 427 4095 quod
447 4016 565 4095 quidem
588 4015 787 4077 continentiae
804 4016 960 4097 proprium
976 4036 1042 4079 esse
1059 4017 1184 4077 videtur.
1217 4016 1276 4078 Ita·

118 4115 146 4157 aa
166 4119 223 4180 que
245 4102 303 4163 linc
333 4112 419 4183 paeto
448 4102 553 4163 liceret
576 4103 613 4163 ali
639 4102 805 4180 ignorantia
830 4123 919 4183 agere
941 4106 1115 4186 prudenter.
1166 4105 1275 4166 Verum

163 4189 237 4249 haec
252 4189 379 4250 absurda
402 4197 480 4261 saint,
504 4189 687 4269 maximeque
710 4192 941 4255 hocabsurdnm
964 4202 1019 4266 est,
1039 4211 1128 4272 posse
1146 4193 1275 4272 aliquem

165 4276 331 4355 prudenter
356 4297 444 4356 agere
468 4278 504 4339 ab
527 4277 710 4356 ignoranda:
745 4279 809 4340 Hoc
840 4280 970 4342 enimin
994 4281 1074 4342 nulla
1094 4280 1275 4361 reliquarum

164 4363 272 4424 artium
295 4365 453 4438 cernimus,
473 4365 601 4444 exempli
616 4365 714 4443 gratia
736 4374 770 4427 ut
790 4367 967 4429 medicinam
985 4369 1032 4430 rel
1055 4367 1274 4447 grammaticam

162 4457 316 4514 convertat
338 4452 575 4537 intemperantia.
628 4453 687 4515 Sed
708 4453 738 4516 in
757 4474 816 4540 qao
847 4463 892 4518 est
912 4455 1097 4542 insipientia,
1128 4456 1275 4520 centraria

730 4776 741 4811 t
