2784 4838
629 183 688 259 ΠΙ.
718 187 752 261 l.

528 658 531 663 ,
640 538 739 650 ΙΙΙ.

87 815 172 869 lma·
270 780 507 869 Mediocritates
532 808 621 887 igitur
650 829 718 873 esse
740 808 863 870 virtutes
892 824 1002 888 easque
1029 827 1047 870 a
1069 808 1195 872 consilio
1218 809 1292 872 deb-

173 891 277 955 berato
299 896 465 975 proficisci,
484 896 660 977 habitusque
679 898 726 960 bis
746 895 903 977 oppositos
925 896 1096 970 essentia,
1119 897 1150 958 in
1172 897 1293 958 univcr-

127 990 155 1032 25
174 999 258 1055 sum,
281 982 441 1045 nominatis
469 983 560 1047 etiam
579 985 744 1059 habitibus,
775 984 912 1046 diximus.
956 984 1019 1045 lam
1046 984 1216 1063 singillatim
1243 1004 1292 1046 eas

176 1087 392 1148 persequamur
411 1080 441 1132 et
463 1071 569 1134 ordine
592 1074 630 1134 dc
652 1073 688 1134 iis
717 1073 868 1135 meamus:
898 1091 932 1132 ac
961 1071 1092 1151 primum
1110 1072 1232 1152 qrridcrn
1254 1074 1292 1135 de

173 1156 355 1219 lortdudine.
400 1159 442 1220 bc
461 1161 578 1221 videtur
600 1162 663 1222 lere
685 1162 823 1223 omnibus
854 1161 963 1221 fortem
984 1160 1114 1239 spectari
1143 1159 1175 1221 in
1194 1167 1292 1221 terro-

173 1243 267 1317 ribus,
290 1254 320 1306 et
338 1247 542 1309 fortitudinem
558 1248 589 1309 in
613 1249 753 1311 virtutum
775 1267 903 1310 numero
925 1247 1038 1309 baberi.
1083 1246 1181 1327 Supra
1202 1248 1293 1327 igitur

174 1330 205 1391 in
230 1333 371 1394 virtutum
400 1335 498 1397 tabula
523 1336 674 1398 audaciam
705 1346 735 1399 et
762 1344 875 1397 metum
904 1342 1044 1415 tanquam
1076 1335 1224 1396 contraria
1247 1335 1292 1396 di·

176 1419 347 1482 sanximus:
377 1440 445 1483 narn
459 1432 538 1484 sunt
564 1424 622 1486 sibi
644 1424 866 1504 quodammodo
888 1423 1047 1485 contraria.
1086 1422 1220 1504 Apparet
1236 1425 1291 1504 igi-

124 1521 153 1565 ao
172 1514 221 1567 tur
244 1508 331 1570 etiam
351 1528 420 1582 eoa,
446 1511 496 1590 qui
518 1511 555 1572 ab
574 1512 621 1572 bis
639 1513 787 1575 habitibus
808 1530 920 1574 nomen
950 1511 1129 1585 sortiantur,
1155 1512 1292 1573 similiter

172 1594 227 1655 sibi
249 1615 316 1658 esse
333 1598 509 1672 contrarios,
533 1600 667 1661 timidum
689 1601 805 1662 scilicet
826 1599 887 1675 (bic
904 1600 983 1661 enirn
1002 1619 1037 1661 ex
1052 1619 1102 1673 eo,
1124 1599 1205 1679 quod
1223 1600 1290 1679 plns

172 1702 259 1761 ‹pnam
279 1685 366 1746 decet
385 1687 508 1760 metuit,
541 1696 571 1748 et
586 1688 684 1749 minus
707 1708 794 1768 ‹puarn
815 1688 901 1749 decet
921 1688 1028 1760 audet,
1059 1706 1169 1749 nomen
1187 1687 1290 1768 habet)

173 1779 203 1830 et
230 1773 389 1835 audacem:
416 1775 510 1836 audax
536 1775 616 1837 enim
646 1795 682 1837 eo
714 1776 837 1848 dicitur,
866 1775 946 1854 quod
975 1775 1074 1837 minus
1094 1793 1184 1853 qnam
1204 1775 1291 1837 decet

123 1873 152 1915 aa
170 1860 277 1920 metuit
304 1880 340 1921 ac
360 1861 429 1940 plus
450 1882 539 1943 quarn
565 1864 652 1925 decet
679 1865 783 1926 audet:
813 1863 894 1924 unde
920 1862 1007 1923 etiam
1036 1880 1148 1924 nomen
1177 1869 1289 1923 natum.

168 1945 271 2008 Audax
302 1948 382 2009 enim
412 1950 448 2010 ab
477 1951 615 2012 audendo
644 1952 821 2031 appellatur.
867 1949 970 2030 ltaque
1000 1950 1122 2030 quonim
1146 1950 1289 2011 fortitudo

172 2035 302 2114 optimus
321 2036 436 2098 babitus
459 2038 490 2099 in
509 2039 670 2100 metuendo
693 2046 723 2100 et
744 2037 882 2101 audendo
906 2046 960 2110 cst,
982 2056 1081 2118 neque
1102 2037 1172 2100 licct
1193 2037 1233 2098 ita
1257 2057 1290 2098 se

170 2140 274 2211 gerere
299 2133 332 2184 nt
354 2126 481 2187 audaces
507 2126 556 2205 (ex
577 2134 662 2206 parte
684 2126 763 2188 enim
786 2127 862 2187 inira
884 2126 1007 2188 modum
1028 2132 1116 2199 sunt,
1145 2134 1288 2206 exparte

170 2213 441 2292 supramodum),
475 2232 572 2293 neque
599 2214 639 2275 ita
670 2223 702 2275 ut
728 2213 822 2276 timidi
859 2213 902 2292 (bi
931 2212 1010 2275 enim
1039 2213 1120 2275 idem
1152 2222 1287 2293 peccant,

79 2305 141 2359 m&
151 2308 351 2379 taquamquam
377 2320 439 2361 non
468 2303 499 2363 in
524 2301 648 2375 iisdem,
677 2303 783 2364 sedin
806 2300 978 2362 contrariis:
1008 2319 1079 2363 nam
1098 2301 1130 2362 in
1149 2301 1288 2364 audendo

170 2389 246 2449 inira
261 2389 385 2449 modum
400 2398 478 2463 sunt,
498 2389 529 2450 in
551 2382 714 2452 metuendo
731 2406 825 2470 supra
842 2389 994 2469 modnm):
1014 2396 1138 2468 apparet
1156 2390 1288 2451 medinm

169 2476 303 2537 habitum
328 2476 407 2537 inter
437 2477 587 2539 audaciam
613 2486 643 2539 et
672 2477 859 2539 timiditatem
878 2496 945 2539 csse
967 2477 1188 2538 lordtudinem:
1219 2497 1287 2541 nam

167 2564 215 2625 bic
236 2565 352 2625 babitus
375 2565 492 2625 medius
519 2572 565 2626 est
593 2564 733 2646 optimus.
783 2565 905 2626 Videtur
927 2573 1026 2627 autem
1049 2564 1094 2627 vir
1113 2566 1198 2626 fortis
1221 2567 1288 2646 plc-

136 2656 151 2696 ⁵
170 2671 296 2730 rumque
315 2671 424 2713 vacuus
444 2673 511 2714 csse
533 2661 625 2726 metu,
648 2653 768 2716 timidus
791 2662 895 2715 nonna
914 2672 1086 2734 propensus
1106 2654 1144 2714 ad
1163 2662 1286 2728 metum,

170 2740 344 2818 videturque
367 2742 518 2820 posterior
541 2750 572 2804 et
596 2742 688 2805 multa
715 2750 745 2803 ct
767 2760 862 2822 pauca
884 2749 914 2804 ct
932 2760 1040 2821 magna
1062 2748 1093 2803 ct
1111 2760 1203 2821 parva
1222 2762 1288 2805 me-

170 2837 264 2900 tuere,
287 2836 316 2888 et
338 2829 457 2907 quidem
475 2831 668 2892 vehementer
683 2850 720 2891 ac
736 2830 882 2902 celeriter,
905 2829 989 2909 prior
1004 2846 1076 2890 vero
1093 2836 1145 2891 aut
1164 2830 1286 2892 omnino

168 2934 230 2978 non
252 2925 387 2977 metuere
410 2925 460 2979 aut
488 2917 593 2980 leviter
618 2928 649 2981 et
674 2918 719 2979 vix
743 2926 770 2979 et
793 2936 861 2979 raro
886 2924 917 2979 et
934 2935 997 2979 non
1018 2916 1077 2977 nisi
1098 2932 1222 2996 magna:
1252 2937 1288 2980 ac

167 3004 212 3064 vir
233 3005 317 3065 fortis
333 3005 421 3067 etiam
438 3025 482 3078 ea,
498 3025 574 3086 quae
592 3009 785 3069 vehementer
800 3003 940 3066 terribilia
953 3011 1034 3076 sunt,
1048 3003 1186 3077 sustinet,
1208 3005 1287 3066 timi-

167 3092 222 3153 dus
250 3111 289 3153 ne
316 3112 351 3152 ca
379 3093 516 3172 quidem,
543 3112 619 3172 qnae
649 3093 814 3173 paullulum
842 3091 1034 3153 formidolosa
1056 3099 1136 3153 sunt
1182 3092 1286 3165 Qualia

122 3185 147 3228 1⁰
166 3179 255 3257 igitur
272 3180 400 3242 sustinet
418 3181 461 3242 vir
483 3178 593 3242 sortis?
615 3181 746 3259 Primum
765 3199 849 3253 eane,
872 3197 947 3258 quae
965 3179 1023 3258 ipsi
1042 3178 1184 3241 terribilia
1202 3176 1285 3254 abrit,

166 3287 205 3327 an
226 3287 268 3338 aa,
287 3288 362 3347 quac
379 3269 427 3330 alii
448 3269 590 3333 terribilia
611 3264 706 3330 sunt?
736 3268 824 3342 Quod
843 3267 868 3328 si
883 3266 1060 3346 posteriora,
1082 3266 1156 3329 nibil
1170 3266 1286 3347 mssni-

167 3356 255 3416 boum
277 3357 425 3429 videatur,
455 3375 521 3418 esse
544 3357 640 3419 vitum
662 3357 786 3418 fortem:
814 3355 862 3417 sin
882 3354 993 3434 priora,
1017 3352 1106 3417 etiam
1128 3355 1194 3417 viro
1216 3356 1285 3418 lorti

165 3445 256 3504 multa
277 3463 312 3505 ac
328 3462 434 3522 magna
456 3444 597 3505 terribilia
613 3444 777 3517 videantur,
802 3451 831 3505 et
853 3442 995 3504 terribilia
1017 3460 1051 3504 ea
1070 3442 1197 3505 dicenda
1214 3443 1284 3516 sint,

167 3551 242 3610 quac
261 3532 384 3610 singulis
402 3540 549 3594 terrorem
568 3532 711 3604 inliciant,
730 3528 861 3612 exempli
881 3530 974 3609 gratia
993 3530 1019 3592 si
1041 3529 1108 3611 qma
1124 3531 1285 3594 vehemen-

169 3627 214 3681 ter
236 3620 387 3699 aliquare
410 3627 567 3691 terreatur,
590 3620 671 3681 bunc
693 3638 818 3698 magnus
840 3638 877 3680 ac
893 3618 1008 3681 validus
1025 3625 1124 3681 metus
1146 3628 1283 3701 occupet,

166 3707 212 3767 sin
233 3727 294 3769 non
315 3709 356 3769 ita
376 3709 462 3770 valde
483 3714 646 3779 terreatur,
677 3726 739 3770 non
764 3707 804 3770 ita
828 3706 924 3768 valido
946 3713 1030 3769 metu
1050 3713 1196 3771 tencatur.
1241 3708 1284 3770 lta

122 3803 318 3874 assequatur,
341 3802 374 3857 nt
392 3795 437 3857 vir
459 3796 545 3857 sortis
567 3813 691 3874 magnos
709 3795 765 3857 sibi
782 3815 818 3858 ac
840 3795 949 3857 multos
972 3802 1107 3856 terrores
1125 3795 1232 3874 lingat:
1255 3804 1285 3858 at

165 3883 322 3945 videbatur
344 3884 529 3945 econtrario
558 3883 701 3945 fortitudo
722 3884 874 3945 hominem
901 3888 982 3944 metu
1005 3898 1129 3944 vacuum
1144 3883 1282 3957 reddere,

166 3971 254 4050 idque
274 3972 305 4032 in
328 3991 363 4032 eo
384 3971 465 4033 cerni
489 3971 676 4044 dicebamus,
705 3971 786 4050 quod
813 3978 864 4031 ant
886 3969 958 4031 nibil
980 3976 1031 4030 ant
1051 3987 1147 4049 panca
1168 3977 1283 4045 tantum

166 4067 330 4131 metueret,
359 4079 394 4121 ac
422 4060 528 4120 leviter
554 4077 588 4121 ac
610 4078 649 4119 ne
679 4060 726 4119 vix
749 4057 878 4137 quidem.
925 4056 964 4117 dt
988 4057 1125 4119 sortasse·
1140 4058 1282 4132 terribile,

166 4146 252 4207 sicuti
276 4155 306 4207 et
325 4147 489 4210 iucundum
510 4153 540 4208 et
561 4146 684 4217 bonurn,
708 4145 814 4207 dicitur
836 4144 954 4207 duobus
974 4144 1081 4206 modis.
1131 4145 1283 4218 Quaedam

120 4252 148 4294 ao
168 4235 247 4295 enim
270 4235 421 4307 absolute,
452 4234 597 4314 quaedam
625 4232 712 4295 alicui
738 4233 858 4312 quidem
886 4231 1016 4296 incunda
1045 4239 1077 4293 et
1101 4231 1281 4306 banasam,

166 4323 220 4383 sed
242 4341 305 4383 non
325 4322 471 4393 absolute,
492 4322 583 4385 immo
603 4341 620 4382 a
641 4321 790 4384 contrario
806 4320 884 4383 mala
904 4327 935 4381 et
954 4339 1017 4383 non
1037 4319 1181 4395 iucmda,
1203 4321 1282 4383 scili-

166 4418 214 4471 cet
237 4429 288 4481 ea,
317 4429 392 4490 quae
419 4409 565 4490 improbis
584 4408 756 4473 bominibus
772 4409 855 4473 ub‘lia
875 4415 963 4483 sunt,
991 4415 1021 4472 et
1041 4427 1117 4491 quaa
1137 4409 1281 4493 puerulis,
