2776 4836
88 208 167 291 286
636 208 679 282 ll.
707 206 743 282 8.

133 397 157 465 8
179 403 286 464 lesturn
307 410 361 463 est.
405 400 514 461 Verum
536 417 575 460 ne
597 398 670 461 illud
689 400 825 479 quidem,
852 397 934 478 quod
957 397 1119 461 voluntate
1144 397 1252 463 debes
1274 408 1334 463 ιιί

178 490 237 561 liat,
262 507 329 550 esse
351 488 561 558 uoluntarium,
579 506 615 547 ex
638 486 683 547 bis
704 486 888 565 intelligitur.
929 485 1009 547 Nam
1034 486 1253 550 demonstrabo
1312 502 1334 545 ι

90 576 261 648 ιπε,α.ἰ11ιι(1,
284 576 364 656 quod
380 574 530 635 uoluntate
549 575 608 639 liat,
625 591 686 633 non
702 573 767 635 fieri
783 573 884 646 invite,
907 574 964 635 sed
981 573 1090 653 potius
1106 592 1199 647 omne,
1212 574 1269 715 peip
1315 590 1334 629 Γ

176 664 243 743 quis
265 662 343 733 velit,
366 680 432 723 esse
455 662 543 722 etiam
565 661 781 723 voluntarium:
806 668 896 741 atquc
917 660 1065 722 accidere
1087 669 1125 723 ut
1140 661 1256 723 etiamne
1279 675 1328 723 utu

176 752 241 812 lens
257 750 344 811 iaciat
362 748 473 828 aliquid
488 748 649 808 voluntate.
683 748 772 811 llulta
791 756 890 810 autem
910 748 1056 810 volentes
1079 748 1201 811 iacimus
1213 756 1258 809 nu
1321 768 1334 809 o

175 838 351 916 repentino:
380 836 434 897 sed
458 835 649 897 deliberatam
672 836 854 897 voluntatem
881 854 974 897 nemo
1003 836 1140 917 suscipit
1156 843 1261 897 moture
1322 836 1334 896 si

143 924 310 1004 opentino.
351 924 439 997 Qetod
462 922 486 983 si
515 940 639 983 necesse
665 930 745 995 crat,
772 922 883 1002 aliquid
906 942 945 985 ex
963 922 1016 983 bis
1040 923 1144 986 tribus
1165 942 1221 984 esse
1235 940 1263 981 ee
1325 943 1333 984 e

175 1010 353 1081 luntarium,
382 1009 495 1071 scilicet
516 1016 567 1070 aut
592 1009 776 1089 appetitione
798 1017 849 1071 aut
875 1009 1037 1071 voluntate
1070 1010 1225 1073 deliberate
1239 1020 1265 1069 eut
1327 1031 1334 1072 e

176 1104 278 1159 mente
298 1097 345 1159 vel
365 1096 479 1158 ratione
502 1097 621 1165 lectum,
642 1097 771 1159 duorum
793 1097 929 1177 priorum
952 1104 1063 1159 autem
1084 1106 1223 1159 neutrum
1237 1104 1265 1156 ot
1313 1100 1334 1158 ti

177 1184 356 1264 relinquitur
374 1191 408 1245 ut
432 1184 517 1245 inea
539 1184 672 1257 eodone,
701 1204 790 1265 quam
810 1184 943 1264 cogitans
964 1184 1074 1265 aliquo
1099 1186 1194 1247 modo
1208 1183 1282 1285 suscep
1329 1206 1334 1245 ε

176 1271 253 1351 piat,
280 1271 480 1333 voluntarium
499 1289 566 1333 esse
587 1271 728 1333 dicemus.
770 1271 828 1332 Sed
849 1271 951 1352 paullo
976 1271 1107 1351 longius
1126 1271 1212 1334 nobis
1227 1289 1269 1351 pre
1330 1293 1334 1333 ι

176 1358 372 1437 grediendum
392 1366 549 1438 antequam
573 1358 739 1438 quaestioni
766 1359 804 1420 de
825 1359 995 1421 voluntario
1023 1368 1058 1422 et
1081 1378 1148 1421 non
1170 1358 1271 1421 voluntt-
1331 1383 1334 1415 e

176 1445 221 1505 rio
238 1446 328 1507 sunem
343 1445 542 1526 imponamus.
579 1446 703 1509 Videtur
722 1447 801 1508 cuim
816 1464 930 1518 eonem,
952 1464 1035 1526 quae
1056 1446 1089 1508 vi
1107 1448 1184 1509 liant
1200 1453 1273 1507 etnou
1331 1468 1334 1479 ¹

132 1542 159 1587 to
177 1533 205 1593 ri
224 1533 312 1606 liant,
341 1533 538 1595 consideratio
559 1552 627 1595 cum
645 1534 698 1606 iis,
725 1552 801 1614 quae
820 1533 965 1607 diximus,
994 1533 1169 1597 coniuncta
1189 1552 1245 1595 csse
1260 1540 1275 1591 et
1315 1546 1326 1591 e

176 1629 309 1699 cognata.
352 1620 425 1681 Nem
444 1620 471 1679 vi
493 1622 613 1693 lactum,
633 1621 768 1694 invitum,
792 1629 822 1682 et
844 1639 933 1683 omne
954 1619 1101 1695 inritum,
1126 1622 1157 1683 vi
1174 1620 1232 1681 fieri
1249 1619 1276 1679 di·

177 1708 280 1769 cimus.
315 1707 417 1786 ltaque
439 1707 570 1786 primum
590 1708 627 1770 de
645 1728 691 1781 eo,
711 1708 792 1788 quod
813 1727 869 1789 per
886 1708 945 1769 vim
968 1708 1038 1769 lieri
1064 1708 1189 1780 dicitur,
1206 1707 1277 1768 videa·

177 1812 254 1868 mus,
277 1794 395 1874 etquid
416 1794 462 1866 sit,
483 1803 513 1855 et
535 1814 611 1874 quae
631 1797 670 1858 sit
690 1796 754 1857 cius
776 1796 813 1856 ad
830 1794 1033 1858 voluntarium
1055 1804 1090 1857 et
1113 1814 1178 1859 non
1198 1795 1278 1855 volun-

175 1883 282 1945 tarium
313 1882 396 1943 ratio.
445 1882 569 1945 Videtur
594 1883 684 1963 igitur
712 1884 740 1944 vi
770 1883 879 1945 iactum
908 1889 937 1943 ct
962 1884 1156 1946 necessitate
1179 1890 1278 1961 cogente

175 1971 300 2043 lactum,
323 1969 456 2048 itemque
477 1970 521 2030 vis
543 1977 575 2031 et
592 1970 764 2044 necessitas,
788 1969 903 2050 opponi
924 1969 1103 2032 voluntario
1127 1977 1160 2033 et
1180 1987 1281 2051 persue-

132 2070 157 2115 15
177 2057 254 2118 sioni
275 2057 307 2117 in
330 2058 421 2118 rebus
444 2057 592 2135 gerendis.
636 2058 670 2119 ln
689 2059 860 2120 universum
878 2064 977 2119 autem
1001 2058 1040 2120 de
1061 2058 1094 2119 ri
1118 2066 1149 2121 ct
1171 2055 1281 2122 necessi·
1323 2071 1334 2114 e

176 2152 237 2205 tate
259 2142 409 2223 loquimur
432 2145 519 2206 etiam
547 2162 639 2224 quum
660 2145 757 2223 agitur
779 2145 817 2207 de
838 2145 928 2207 rebus
948 2144 1137 2207 inanimatis.
1180 2145 1248 2206 Nam
1265 2151 1284 2202 et

175 2231 304 2310 lapidem
328 2249 446 2293 sursum
467 2239 496 2293 et
510 2232 611 2311 ignem
634 2234 773 2294 deorsum
796 2233 824 2293 vi
845 2239 1041 2311 coactumque
1062 2233 1142 2294 ferei
1167 2232 1284 2295 dicimus.

175 2318 285 2380 venem
315 2318 437 2379 eaedem
460 2338 526 2391 res,
557 2338 649 2399 quum
680 2320 845 2382 seeundum
875 2319 1041 2382 naturalem
1073 2337 1114 2382 ao
1143 2318 1201 2383 sibi
1230 2337 1284 2398 pro

176 2405 275 2486 prium
301 2405 446 2485 impetum
470 2408 621 2480 seruntur,
644 2425 705 2468 uon
727 2425 800 2468 sene
822 2406 849 2467 vi
875 2425 974 2487 neque
995 2425 1069 2467 vero
1094 2414 1212 2489 sponte
1230 2398 1309 2491 leni}

176 2492 331 2563 dicuntur,
363 2492 416 2553 scd
439 2493 619 2554 contrarium
645 2512 707 2556 non
732 2494 823 2556 babet
846 2512 957 2556 nomen
981 2512 1090 2555 suum:
1124 2494 1174 2555 sin
1199 2500 1286 2555 contre

130 2594 158 2639 eo
176 2578 260 2641 illurn
289 2578 455 2641 naturalem
484 2580 700 2661 propriumque
722 2582 867 2663 impetum
893 2588 1069 2653 moventur,
1105 2580 1137 2641 vi
1160 2581 1234 2643 terri
1252 2578 1287 2639 rel

176 2665 289 2729 moveri
317 2665 450 2727 dicimus.
503 2667 645 2729 Similiter
670 2668 758 2730 etiam
787 2668 961 2742 animantia,
993 2674 1024 2729 et
1055 2666 1184 2746 quiidem
1214 2667 1288 2729 etiam

174 2754 294 2826 bestias,
318 2753 451 2815 videmus
476 2754 504 2815 vi
526 2756 644 2817 admota
669 2766 699 2817 et
721 2756 782 2835 pati
804 2757 897 2818 multa
916 2763 947 2817 et
968 2756 1077 2826 lacere,
1102 2774 1202 2835 quum
1221 2753 1289 2816 seili-

176 2849 224 2904 cet
241 2849 360 2922 praeter
375 2841 520 2921 inpetum
537 2843 701 2904 naturalem
717 2843 843 2923 impellit
857 2842 969 2923 aliquid
985 2849 1175 2905 extraneum.
1203 2841 1289 2921 Atque

175 2930 205 2991 in
232 2929 438 2991 inanimalibus
462 2930 582 3009 quidem
609 2930 736 3010 simplex
757 2929 938 3011 principium
965 2937 1027 3002 est,
1057 2928 1088 2990 in
1117 2929 1289 2991 animalibus

174 3037 246 3080 vero
270 3025 316 3079 est
342 3017 512 3097 multiplex:
540 3036 609 3078 nam
634 3036 695 3078 non
722 3036 843 3098 semper
865 3016 1008 3098 appetitio
1031 3023 1061 3077 et
1081 3015 1289 3079 ratio-conso·

129 3122 157 3167 ae
175 3113 256 3167 nent.
301 3106 402 3185 ltaque
425 3105 455 3166 in
476 3105 597 3186 reliquis
619 3104 740 3185 quidem
762 3104 937 3166 animalibus
958 3102 1083 3183 simplex
1107 3111 1158 3164 est
1180 3104 1288 3165 violen-

174 3200 255 3263 tum,
285 3192 370 3253 sicuti
391 3192 478 3253 etiam
500 3193 531 3253 in
556 3191 780 3254 inanimalibus:
810 3192 1005 3272 nequeenim
1027 3196 1158 3251 utuntur
1180 3190 1289 3252 ratione

176 3288 205 3341 et
227 3279 411 3358 appetitione
430 3280 585 3353 contraria,
607 3279 661 3341 sed
678 3280 740 3341 sola
756 3279 859 3340 vivunt
873 3277 1065 3359 appetitione.
1100 3276 1204 3339 Homo
1224 3296 1288 3339 vero
1316 3338 1319 3345 ,

173 3374 298 3446 utraque
328 3366 481 3446 praeditus
513 3375 574 3440 est,
612 3374 642 3428 et
668 3367 788 3447 quidem
822 3366 941 3446 quando
971 3372 1016 3427 est
1049 3370 1132 3425 certa
1166 3367 1289 3445 quadam
1317 3404 1320 3439 :

172 3461 278 3525 aetate,
303 3454 349 3514 oui
369 3454 488 3533 quidem
507 3456 638 3517 actiones
660 3454 797 3535 proprias
821 3472 887 3515 esse
911 3451 1044 3515 dicimus.
1086 3450 1196 3530 Neque
1215 3451 1289 3513 enim

174 3539 299 3600 dicimus
325 3541 484 3620 puerulum
505 3560 594 3619 agere
615 3561 713 3622 neque
731 3542 879 3612 belluam,
907 3540 960 3602 sed
984 3557 1035 3601 eos
1058 3538 1183 3600 demum
1205 3557 1289 3618 agere

129 3643 156 3687 so
176 3625 310 3696 dicineus,
335 3627 384 3705 qui
405 3632 497 3703 agunt
520 3627 599 3688 ducti
617 3629 789 3690 rationibus.

263 3712 385 3773 l'ideteu·
406 3712 496 3790 igitur
519 3732 624 3785 omne,
647 3716 726 3794 quod
749 3717 777 3777 vi
796 3718 915 3778 admota
931 3716 998 3787 liat,
1023 3731 1089 3775 esse
1111 3711 1288 3775 molestum:

174 3817 272 3880 neque
294 3799 448 3879 quisquam
473 3799 500 3859 vi
523 3809 642 3861 coactus
663 3802 703 3862 ita
725 3803 784 3880 agit
802 3813 836 3865 ut
856 3804 944 3865 simul
966 3801 1101 3881 gaudeat.
1142 3800 1288 3872 Quocirca

175 3889 212 3950 de
246 3887 366 3949 homine
396 3886 567 3950 continente
598 3895 627 3948 et
655 3888 860 3952 incontinente
893 3889 1017 3951 maxima
1050 3886 1196 3949 dubitatio
1231 3894 1288 3947 est:

172 3984 298 4056 uterque
319 3975 398 4037 enim
422 3975 576 4037 contrariis
599 3974 654 4036 sibi
681 3977 912 4055 appetitionibus
941 3978 1064 4037 allectus
1083 3975 1161 4052 agit:
1192 3973 1289 4053 itaque

175 4074 204 4126 et
226 4065 270 4126 vir
290 4064 446 4126 continens
468 4062 511 4135 vi,
542 4070 575 4125 ut
596 4062 694 4134 aiunt,
725 4081 758 4122 se
782 4064 923 4126 abstrahit
946 4083 962 4125 a
986 4061 1120 4126 suavium
1142 4060 1287 4141 cupidita·
1322 4068 1325 4079 '

129 4165 157 4210 ae
177 4152 255 4214 tibus
280 4152 361 4230 (nam
383 4152 486 4213 dolere
509 4170 587 4222 eum,
606 4150 631 4212 si
653 4148 802 4229 appetitus
825 4151 1002 4230 refragantis
1023 4148 1170 4211 rationem
1187 4148 1287 4217 babes,

175 4240 254 4301 dicas
280 4259 404 4300 necesse
427 4238 485 4318 ost)
513 4247 542 4299 et
565 4240 655 4300 horno
677 4237 865 4299 incontinens
896 4238 924 4299 ri
954 4244 1080 4316 cogente
1110 4244 1217 4297 contra
1243 4253 1287 4295 ra·

174 4326 264 4387 tionis
286 4334 446 4406 praecepta
467 4325 591 4405 rapitur.
631 4323 726 4387 Minus
745 4331 844 4387 tamen
864 4325 968 4387 dolore
990 4322 1068 4385 allici
1090 4322 1211 4384 videtur
1234 4322 1287 4400 [in-

174 4414 357 4492 continens]:
377 4412 522 4492 cupiditas
545 4413 623 4475 enim
647 4412 844 4477 iucundorum
865 4421 926 4486 est,
949 4412 997 4475 cui
1018 4408 1173 4493 cupiditati
1195 4409 1288 4473 laetus
