2776 4836
575 217 647 292 Vll.
682 220 738 291 te.
1174 213 1252 313 tut

73 403 301 490 uenantum
321 410 467 491 appellari
491 413 600 490 potest]
631 409 822 491 perspicuum
842 427 909 470 esse
930 409 1063 480 videtur,
1094 427 1155 470 uon
1179 427 1257 483 etim,

143 502 194 582 qui
215 501 253 562 ob
277 518 364 560 usum
385 506 438 560 aut
461 500 588 560 lructum
610 507 785 577 quaeratur,
818 515 919 558 verum
941 497 1069 558 amicum
1091 514 1175 569 esse,
1205 499 1258 560 sed
1353 514 1363 522 ·

144 607 229 662 eum,
257 587 306 666 qui
337 586 374 647 ob
394 587 531 648 virtutem
554 594 681 658 ametur,
709 586 815 646 solum.
860 585 956 658 Quum
980 584 1059 645 euim
1083 583 1193 646 nullius
1213 586 1257 647 rei

143 676 330 756 indigemus,
361 681 424 735 tum
448 693 516 746 eos,
545 675 594 753 qui
615 673 701 735 bonis
722 673 832 759 nostris
863 672 950 734 simul
974 672 1128 733 nobiscum
1155 672 1258 734 iruan-

79 786 82 794 ·
144 773 203 836 tur,
227 763 405 842 quaerimus,
429 781 463 824 ac
486 762 577 841 magis
601 761 768 842 quaerimus
786 780 846 832 eos,
870 779 945 839 quos
965 776 1106 821 ornemus
1129 761 1258 841 nosipsi

144 849 313 921 beneficiis,
351 868 438 929 quiam
468 869 536 922 eos,
573 869 588 910 a
617 850 723 929 quibus
752 848 896 910 beneficia
927 847 1014 909 nobis
1042 853 1257 926 exspectemus.

93 951 125 994 so
143 939 268 1000 Meliore
296 945 393 998 autem
417 937 524 997 iudicio
533 937 673 1011 utimur,
705 953 795 1015 quum
819 935 949 997 omnium
969 935 1118 996 bonorum
1142 935 1258 1014 copiam

144 1025 279 1088 innubis
301 1025 373 1104 ipsis
393 1024 546 1095 habemus,
567 1042 655 1103 quam
677 1042 767 1102 quum
789 1023 819 1084 in
843 1023 1004 1100 indigentia
1027 1022 1116 1101 positi
1138 1041 1256 1083 sumus:

143 1113 330 1193 maximeque
353 1112 460 1173 talibus
481 1112 598 1184 amicis,
629 1111 678 1190 qui
702 1110 917 1172 consuetudine
943 1118 972 1170 et
995 1110 1131 1173 convictu
1153 1117 1257 1172 nostro

146 1201 228 1280 digni
247 1201 315 1273 sint,
340 1219 470 1278 egemus.

208 1288 269 1349 Sed
289 1287 319 1348 in
341 1289 396 1349 hac
413 1287 585 1368 quaestione
600 1288 659 1347 hoe
679 1285 928 1348 considerandum
945 1286 1070 1358 videtur,
1092 1304 1164 1347 num
1181 1286 1258 1346 lorte

110 1375 113 1378 ’
145 1375 255 1454 aliquid
278 1392 391 1446 eorum,
415 1394 489 1455 quae
511 1374 600 1435 modo
624 1373 787 1453 posuimus,
810 1392 882 1434 sane
900 1381 981 1435 recte
1003 1374 1125 1446 dicatur,
1149 1372 1257 1451 aliquid

144 1471 244 1524 autem
266 1481 322 1524 nos
342 1463 422 1523 lallat
440 1470 565 1541 propter
587 1461 840 1541 comparationem
866 1461 1005 1538 [hominis
1026 1462 1055 1523 in
1079 1467 1175 1522 semet
1190 1460 1257 1540 ipso

145 1550 284 1611 omnibus
305 1550 491 1612 facultatibus
513 1549 660 1611 affluentis
680 1567 747 1609 cum
771 1548 827 1609 deo
850 1548 1034 1627 institutaml.
1077 1548 1142 1608 Hoc
1162 1548 1258 1608 mani-

145 1639 253 1699 festum
278 1639 349 1709 erit,
382 1637 594 1718 quaerentibus
616 1635 721 1709 nobis,
755 1635 826 1715 quid
845 1635 884 1695 sit
905 1643 1003 1699 vivere
1025 1647 1093 1697 actae
1115 1642 1202 1714 atque
1224 1643 1258 1697 ut

143 1725 220 1787 liuis.
263 1726 324 1786 lam
347 1744 417 1785 vero
434 1733 560 1805 apparet
580 1728 679 1785 viuere
698 1742 764 1784 esse
786 1723 897 1783 sentire
919 1733 949 1786 et
967 1740 1163 1802 cognoscere:
1186 1740 1257 1801 ergo

88 1823 124 1867 π
146 1831 214 1874 cum
244 1813 342 1890 aliquo
370 1812 445 1873 vitae
475 1811 714 1873 coniunctionem
743 1817 773 1870 et
794 1810 965 1874 societatem
988 1811 1097 1872 habere
1119 1817 1165 1871 est
1190 1829 1257 1871 eum

143 1902 203 1963 lioc
224 1898 372 1960 sentiendi
400 1906 430 1958 et
452 1897 651 1977 cognoscendi
682 1897 922 1960 coniunctionem
949 1908 979 1960 et
1007 1898 1177 1958 societatem
1205 1899 1257 1958 ha-

142 1987 227 2048 bere.
278 1985 365 2064 Atqui
395 2004 461 2046 sese
484 1986 595 2046 sentire
614 1994 643 2047 et
660 2005 727 2046 sese
751 2004 932 2064 cognoscere
952 1985 1110 2065 unicuique
1132 1984 1258 2046 maxime

145 2080 318 2153 exoptatum
342 2080 401 2133 est:
434 2057 567 2151 ideoque
589 2073 705 2134 vivendi
730 2073 874 2152 cupiditas
904 2075 1002 2136 innata
1033 2080 1076 2133 est
1104 2071 1257 2134 omnibus:

144 2161 233 2221 vitam
252 2160 332 2221 enim
351 2160 381 2220 in
399 2160 567 2239 cognitione
587 2160 711 2239 quadam
729 2160 856 2238 positam
873 2181 949 2235 esse,
966 2159 1257 2223 omnesccocedunt.
1368 2197 1374 2210 ·

144 2249 246 2326 ltaque
268 2248 292 2308 si
315 2248 380 2326 quis
400 2248 473 2308 haec
497 2248 555 2308 duo
579 2248 677 2324 [vitam
702 2255 731 2307 et
748 2249 959 2328 cognitionem]
978 2255 1107 2328 separet,
1128 2254 1157 2307 et
1173 2245 1259 2307 iaciat

94 2349 125 2392 so
146 2344 180 2396 ut
199 2335 328 2413 cognitio
356 2336 420 2415 ipsa
449 2353 505 2414 per
530 2353 596 2395 sese
620 2342 736 2395 constet
764 2324 857 2415 (quod
884 2330 1035 2427 quorffdo
1061 2334 1124 2396 fieri
1153 2334 1257 2414 possit,

144 2442 205 2484 nou
221 2441 294 2483 sane
308 2423 492 2500 intelligitur,
510 2438 686 2502 quamquam
696 2440 745 2482 res
764 2423 828 2503 ipsa
842 2426 913 2486 satis
927 2424 1016 2506 plana
1029 2422 1097 2502 est),
1114 2420 1186 2483 nihil
1202 2421 1258 2483 dii-

144 2512 235 2582 lerat,
256 2518 356 2571 utrum
379 2523 408 2570 te
431 2510 572 2572 analium
597 2529 651 2590 pro
676 2519 704 2569 ts
726 2510 792 2588 ipso
816 2530 988 2591 cognoscas.
1031 2510 1065 2571 ld
1088 2516 1186 2572 autem
1203 2529 1258 2590 pe-

143 2598 229 2658 rinde
256 2606 335 2659 esset
353 2618 388 2659 ac
410 2598 595 2668 sidieamus
618 2615 678 2658 non
700 2596 827 2669 diiierre,
852 2609 950 2661 utrum
973 2608 1004 2660 te
1026 2598 1125 2658 vivere
1147 2615 1258 2676 cogno-

144 2697 225 2756 scas,
252 2704 289 2746 an
309 2685 398 2746 alium
421 2692 526 2765 prote
550 2685 648 2746 vivere
672 2701 851 2762 cognoscas,
875 2705 936 2748 non
961 2686 1081 2748 differre
1104 2692 1203 2746 utrum
1227 2693 1258 2746 tu

143 2772 232 2844 vivas,
252 2792 289 2832 an
313 2773 387 2833 alius
408 2792 465 2852 pro
488 2783 516 2833 te
539 2772 624 2855 vivat.
669 2771 727 2832 Sed
746 2773 902 2835 manifesto
925 2794 959 2835 se
981 2774 1080 2854 ipsum
1097 2771 1209 2833 sentire
1229 2782 1258 2834 et

144 2879 177 2920 se
193 2859 292 2939 ipsum
309 2879 500 2939 cognoscere,
519 2860 632 2921 homiui
655 2859 765 2937 gratius
788 2869 817 2920 et
837 2862 966 2942 optatius
986 2867 1040 2920 est
1083 2858 1160 2919 Sunt
1178 2859 1257 2921 enim

94 2964 125 3008 aa
147 2948 220 3009 haec
244 2947 302 3007 duo
327 2948 544 3026 coniungenda,
564 2947 678 3008 scilicet
695 2954 755 3008 tam
774 2947 862 3009 vitam
885 2968 951 3009 esse
975 2946 1146 3028 optandam,
1169 2964 1256 3024 quam

143 3035 256 3095 honum
275 3052 342 3095 esse
366 3035 538 3114 optandum,
558 3043 647 3114 atque
662 3035 736 3095 haec
759 3034 817 3096 duc
834 3035 1014 3097 coniunctim
1030 3034 1130 3095 inesse
1148 3031 1258 3094 debere

75 3121 174 3186 main
196 3122 246 3182 tali
268 3129 372 3183 natura
395 3123 540 3202 [qualem,
564 3123 601 3183 de
621 3121 741 3182 homine
764 3141 855 3202 quum
877 3123 988 3202 agitm·,
1021 3120 1161 3203 optimam
1186 3119 1259 3181 dici-

143 3211 230 3286 musl.
280 3209 313 3270 Si
339 3210 428 3288 igitur
448 3209 479 3270 in
506 3209 643 3289 bipartita
672 3216 701 3269 et
723 3216 827 3270 mutuo
853 3210 909 3272 sibi
931 3211 1135 3290 respondente
1155 3227 1257 3270 rerum

142 3296 220 3357 serie
242 3297 367 3357 alterum
386 3316 507 3376 semper
521 3297 551 3358 in
572 3296 676 3358 ordine
700 3304 730 3357 et
747 3297 825 3358 serie
846 3298 917 3359 boni
940 3305 999 3359 est:
1022 3305 1052 3358 et
1067 3296 1092 3356 si
1115 3295 1154 3367 id,
1178 3297 1258 3376 quod

144 3383 344 3461 cognoscitur,
365 3392 396 3444 et
417 3384 457 3456 id,
477 3385 557 3463 quod
581 3383 738 3463 expetitur,
762 3402 796 3445 ex
817 3385 1025 3447 communione
1041 3391 1165 3445 naturae
1183 3383 1257 3445 defi-

143 3469 222 3532 nitae
242 3478 301 3531 est:
327 3472 463 3550 prolecto
486 3471 561 3532 velle
580 3480 676 3532 semet
697 3471 795 3551 ipsum
817 3472 929 3533 sentire
953 3479 998 3534 est
1015 3470 1092 3532 velle
1110 3471 1191 3531 hunc
1213 3478 1257 3532 ta-

109 3557 205 3618 stem
229 3566 342 3619 certum
366 3558 518 3619 hominem
549 3577 614 3618 esse
645 3567 674 3619 et
699 3558 807 3619 vivere.
855 3559 916 3620 lam
935 3578 1006 3621 vero
1027 3556 1166 3638 quoniam
1194 3577 1256 3620 non

143 3646 198 3724 pei
216 3664 272 3705 nos
292 3645 375 3724 ipsos
396 3645 630 3725 unumquodque
650 3647 757 3708 horum
776 3664 888 3717 sumus,
909 3646 963 3708 sed
981 3663 1037 3726 per
1055 3643 1257 3725 participatio·

143 3750 212 3792 nem
234 3732 406 3794 facultatum
427 3732 576 3793 sentiendi
599 3739 630 3792 et
651 3733 852 3811 cognoscendi
875 3733 957 3810 (uam
978 3733 1112 3794 sentiens
1127 3731 1168 3793 ita
1186 3751 1256 3794 sen·

104 3867 110 3874 .
142 3817 236 3880 sibilis
258 3819 308 3891 tit,
333 3828 362 3880 et
385 3839 421 3880 ex
443 3821 501 3880 hoc
521 3818 669 3880 sensibilis
691 3819 740 3891 tit,
765 3837 799 3880 cx
822 3839 880 3898 quo
904 3820 988 3899 prius
1010 3819 1118 3891 sentit,
1136 3827 1166 3880 et
1184 3837 1257 3899 qua-

143 3912 231 3967 tenus
262 3907 368 3978 sentit,
401 3914 431 3967 et
458 3905 537 3985 quod
563 3906 668 3966 sentit:
706 3906 913 3983 cognoscibilis
944 3914 1043 3967 autem
1081 3905 1115 3964 lit
1144 3923 1257 3984 coguo-

98 4008 126 4052 ιο
143 3992 285 4072 scendo):
314 3993 425 4054 idcirco
443 3994 532 4053 homo
551 4009 671 4071 semper
692 3992 792 4053 vivere
814 3993 893 4064 vult,
918 3993 985 4073 quia
1005 4009 1127 4073 semper
1144 4010 1257 4070 cogno-

107 4146 118 4157 ,
142 4080 322 4141 scere'vult:
345 4081 403 4141 hoc
418 4088 516 4140 autem
537 4079 600 4141 vult
614 4086 785 4158 propterea,
808 4079 888 4158 quud
904 4079 970 4159 ipse
987 4097 1036 4140 res
1056 4079 1173 4157 cognita
1190 4097 1257 4140 esse

142 4165 215 4227 vult
257 4167 318 4227 lam
338 4185 410 4226 vero
430 4185 496 4227 cum
517 4166 575 4227 alio
596 4166 684 4226 simul
704 4165 803 4227 vivere
822 4165 908 4240 velle,
930 4166 1056 4247 quadam
1077 4165 1192 4226 ratione
1209 4165 1256 4226 in-

141 4259 244 4332 eptum
268 4272 334 4314 esse
353 4253 503 4325 videatur,
528 4253 554 4313 si
574 4252 688 4314 scilicet
706 4271 740 4313 ea
758 4252 789 4313 in
812 4254 1036 4331 mutenticnem
1059 4267 1156 4325 vocas,
1180 4270 1256 4330 quae

140 4338 229 4400 etiam
250 4340 371 4419 reliquis
393 4340 590 4401 animantibus
613 4339 780 4401 communia
805 4349 891 4413 sunt,
919 4341 1024 4421 quihus
1047 4338 1135 4400 simul
1156 4338 1256 4401 viuere

138 4425 212 4487 nihil
234 4425 315 4489 aliud
335 4433 389 4500 est,
412 4426 469 4488 nisi
489 4426 576 4489 simul
600 4427 681 4506 pasci
699 4426 747 4489 vel
762 4426 850 4489 simul
869 4427 959 4490 edere
976 4446 1011 4490 ac
1025 4427 1140 4490 bibere.
1177 4426 1256 4502 Quid
