2784 4838
93 215 173 298 278
613 218 656 294 ll
684 224 719 297 1.
747 224 784 297 2.

94 419 246 475 mnenon
276 419 440 492 operantur
469 410 589 492 quidem
618 410 718 492 ipsae,
752 411 806 474 sed
828 411 1019 491 operationes
1040 409 1078 472 ab
1101 409 1149 473 bis
1169 410 1299 473 veniunt

183 500 330 573 Quoniam
358 506 456 561 autem
485 498 701 561 intellectuales
729 500 853 561 virtutes
883 518 951 561 cum
981 496 1097 560 rationo
1123 498 1299 561 coniunctae

182 593 269 661 sunt,
297 588 354 649 bae
383 586 571 647 vindicentur
596 586 673 668 parti
700 587 824 648 rationis
851 585 999 666 compoti,
1026 603 1102 665 quac
1127 584 1161 647 in
1190 585 1297 658 animo,

139 680 165 725 1⁰
184 682 330 754 quatenus
350 680 397 734 est
421 673 545 736 rationis
571 674 739 754 particeps,
763 675 906 754 imperat:
932 670 1060 735 morales
1081 690 1154 733 vern
1176 672 1298 735 virtutes

181 762 375 840 adsignentur
392 760 419 822 ei
442 761 529 841 parti,
553 779 628 840 quac
649 761 772 822 rationis
788 761 909 839 quidem
925 778 1034 840 expers
1052 766 1108 831 est,
1125 759 1182 821 sed
1200 767 1297 822 tanam

183 848 314 929 compoti
336 848 459 909 rationis
489 847 566 929 parti
591 851 697 909 natural
726 848 836 910 obedit.
878 847 996 909 Etenim
1025 864 1117 926 quum
1146 847 1298 909 declarare

183 936 338 1008 volumus,
368 936 518 1014 quomodo
539 935 644 1015 aliquis
669 943 801 997 moratus
825 935 878 1007 sit,
900 953 961 996 non
989 933 1114 997 dicimus
1138 952 1208 996 esse
1231 954 1298 997 eum

182 1023 348 1102 sapientem
378 1023 425 1084 vel
459 1023 628 1096 sollertem,
659 1023 713 1084 sed
742 1022 870 1103 exempli
906 1022 998 1102 gratia
1033 1028 1224 1085 mansuetum
1253 1021 1299 1082 vel

183 1111 335 1172 audacem.

263 1198 315 1259 llis
333 1198 448 1278 positis,
468 1198 598 1278 primurn
613 1198 817 1278 quaerendum
842 1204 888 1258 est
909 1197 948 1259 de
968 1195 1077 1259 dmute
1091 1195 1209 1267 morali,
1229 1195 1299 1275 quid

139 1301 166 1346 ιι
183 1286 223 1347 sit
242 1293 272 1347 et
290 1302 366 1365 quae
387 1293 487 1367 partes
512 1285 575 1347 eius
598 1285 751 1364 atquibus
769 1303 803 1345 ea
828 1285 918 1346 rebus
936 1290 1127 1364 provocetur.
1166 1282 1300 1356 Quaera-

183 1391 250 1435 mus
275 1372 381 1455 igiqu,
404 1381 437 1434 ut
460 1372 490 1434 in
513 1373 576 1433 aliis
599 1370 837 1451 quaestionibus,
863 1372 991 1453 primum
1013 1370 1149 1433 videntes
1169 1370 1242 1449 quid
1264 1371 1301 1432 sit

183 1460 224 1532 id,
248 1461 328 1540 quod
347 1478 452 1523 omnes
468 1462 531 1521 lere
554 1460 716 1541 postulent,
736 1466 771 1520 ut
786 1459 822 1520 ab
842 1458 894 1532 eis,
916 1476 1075 1538 quaerere
1092 1457 1224 1537 quidem,
1247 1459 1300 1519 sed

184 1565 246 1610 non
270 1548 430 1628 perspicua
453 1547 606 1620 dicuntur,
640 1546 884 1627 proficiscentes,
914 1547 952 1608 ad
980 1564 1051 1606 vora
1074 1563 1110 1607 ac
1138 1545 1300 1625 perspicua

184 1633 400 1715 perveniamus.
436 1635 522 1695 Nunc
540 1634 620 1696 enim
638 1633 726 1695 simili
742 1635 805 1694 fere
822 1632 994 1695 conditione
1015 1651 1128 1705 sumus,
1149 1632 1228 1695 acsi
1250 1651 1300 1693 va-

184 1721 285 1784 letudo
317 1721 428 1802 optima
456 1721 592 1801 corporis
621 1720 757 1793 allectio,
786 1728 817 1781 et
845 1719 983 1782 Conacm
1009 1719 1143 1783 omnium
1171 1718 1204 1781 in
1234 1721 1300 1782 loro

139 1820 166 1864 ao
185 1808 362 1887 nigerrimus
393 1808 521 1870 dicatur:
552 1827 621 1870 nam
644 1808 714 1887 quid
736 1807 776 1869 sit
795 1808 904 1870 borum
925 1814 1101 1887 utrumque,
1131 1807 1300 1869 nescimus:

185 1897 239 1957 sed
260 1903 293 1957 ut
315 1904 512 1974 cognoscatur
528 1897 599 1975 quid
618 1896 656 1957 sit
677 1914 781 1957 eorum
796 1902 965 1975 utrumque,
987 1894 1066 1957 scire
1082 1911 1139 1957 nos
1159 1894 1209 1957 illa
1229 1913 1300 1956 sane

183 1983 271 2045 nimis
292 1984 479 2056 universalia,
499 1984 572 2045 utile
593 1992 647 2045 est.

265 2070 368 2151 ltaque
383 2071 512 2151 primum
532 2090 678 2152 ponamus
695 2070 837 2150 optimam
857 2069 1044 2132 allectionem
1067 2068 1227 2150 provocari
1246 2087 1301 2150 per

184 2157 304 2237 optima,
327 2165 357 2219 et
372 2158 403 2218 in
424 2159 546 2237 singubs
569 2159 649 2237 quod
671 2158 817 2238 optimum
835 2158 883 2230 sit,
908 2157 985 2219 ellici
1007 2158 1043 2219 ab
1067 2156 1300 2235 uniuscuiusque

139 2256 168 2299 ιι
187 2245 308 2305 virtute:
341 2246 590 2324 quemadmodum
611 2245 729 2307 labores
751 2245 866 2325 cibique
888 2246 993 2326 optimi
1014 2244 1034 2305 ii
1055 2252 1143 2318 sunt,
1173 2260 1301 2324 quonam

184 2330 291 2392 auxilio
310 2333 388 2393 bona
411 2333 547 2412 corporis
568 2332 710 2394 habitudo
733 2340 930 2413 provocatur:
959 2332 1090 2411 itemque
1119 2332 1220 2395 bonae
1249 2332 1301 2393 ba-

184 2416 327 2479 bitudinis
348 2420 456 2481 auxilio
474 2420 592 2481 labores
615 2419 727 2498 optime
748 2420 961 2499 transiguntur.
1006 2418 1121 2481 Deinde
1138 2437 1300 2491 sumamus,

148 2536 150 2541 >
187 2523 306 2567 omnem
330 2506 517 2567 allectionem
540 2508 576 2568 ab
596 2506 702 2567 iisdem
725 2507 825 2579 rebus,
847 2515 939 2588 prout
955 2508 1015 2569 boc
1033 2506 1124 2568 illove
1143 2513 1234 2586 pacto
1256 2506 1301 2567 in-

185 2594 327 2666 terantur,
347 2601 398 2655 aut
421 2594 556 2671 generari
578 2601 629 2655 aut
652 2594 819 2674 corrumpi,
842 2593 971 2673 exempli
993 2593 1084 2672 gratia
1100 2593 1301 2656 valetudinem

185 2698 201 2740 a
222 2680 288 2741 cibo
312 2688 342 2741 et
362 2681 513 2742 laboribus
537 2688 567 2742 et
585 2681 786 2760 temporibus:
807 2682 837 2741 id
854 2682 933 2759 quod
954 2680 1043 2743 docet
1061 2680 1206 2743 inductio.
1244 2680 1301 2741 lta-

139 2776 166 2821 ³⁰
185 2784 243 2847 que
265 2767 358 2829 virtus
377 2787 496 2847 quoque
513 2768 659 2829 eiusmodi
682 2768 797 2829 abactio
820 2776 881 2841 est,
914 2786 988 2848 quae
1010 2787 1070 2829 una
1087 2787 1126 2831 ex
1143 2776 1231 2849 parte
1251 2786 1301 2847 ge-

184 2863 307 2917 neratur
333 2856 369 2917 ab
392 2856 512 2937 optimis
527 2856 617 2923 animi
632 2855 779 2927 motibus,
808 2862 839 2915 et
860 2875 916 2936 per
936 2874 1024 2935 quam
1043 2875 1080 2918 ex
1101 2856 1195 2917 altera
1217 2862 1301 2935 parte

185 2962 278 3022 altera
305 2944 394 3005 animi
425 2943 537 3023 optima
565 2950 782 3025 provocantur:
814 2943 977 3022 eademque
1004 2943 1040 3004 ab
1073 2942 1182 3005 iisdem
1210 2943 1301 3005 rebus

185 3031 404 3109 quodammodo
426 3039 594 3109 generatur,
613 3030 832 3110 quodammodo
850 3029 1060 3111 corrumpitur.
1091 3028 1188 3091 lluim
1202 3036 1302 3091 autem

184 3136 256 3179 usus
277 3118 315 3178 ad
340 3119 445 3180 eadem
465 3119 612 3198 pertinet,
642 3136 698 3198 per
720 3136 795 3196 quae
818 3125 848 3178 et
867 3118 1052 3179 incrementa
1074 3134 1184 3197 capere
1201 3124 1303 3197 potest

186 3212 216 3264 et
237 3206 443 3277 decrementa,
470 3206 555 3266 etad
574 3224 649 3285 quac
670 3205 782 3284 optimc
801 3204 941 3285 disponit
984 3205 1018 3266 ln
1040 3204 1181 3266 iucundis
1202 3212 1302 3267 autem

138 3298 166 3342 ³⁵
186 3299 216 3352 ct
232 3293 263 3353 in
285 3292 418 3354 molestis
436 3293 518 3353 cerni
541 3301 571 3354 et
593 3293 731 3354 virtutem
751 3300 781 3354 et
805 3293 924 3366 vidum,
951 3293 1010 3355 boc
1028 3298 1075 3353 est
1095 3290 1191 3371 sigui,
1221 3292 1301 3373 quod

185 3397 311 3460 poenae,
336 3398 411 3459 quac
432 3381 592 3441 curationis
610 3381 705 3442 instar
720 3387 792 3442 sunt
806 3381 940 3460 fiuntque
962 3398 1019 3460 per
1036 3378 1196 3453 bonuaria,
1216 3379 1301 3441 dolo-

184 3466 267 3527 ribus
285 3466 450 3528 inserendis
467 3475 654 3547 repetuntur.

161 3541 184 3611 2
268 3552 303 3614 ln
323 3553 461 3615 iucundis
486 3555 575 3634 igitur
606 3564 636 3616 et
659 3554 690 3615 in
710 3555 844 3617 molestis
871 3553 953 3617 cerni
982 3554 1124 3615 virtum
1144 3554 1301 3626 moralem,

183 3639 372 3741 manifestpm
394 3649 448 3702 est
485 3643 631 3716 Quoniam
654 3661 725 3703 vero
747 3630 783 3700 τὸ
800 3630 894 3721 ico,
912 3649 947 3703 ut
965 3659 1078 3703 nomen
1095 3640 1185 3705 ctiam
1200 3642 1301 3704 decla-

98 3733 247 3800 amsaffrat
271 3715 332 3785 ἀπὸ
361 3726 479 3799 ἔθους,
507 3731 565 3795 boo
588 3738 666 3791 csta
689 3729 921 3802 consuetudine,
942 3729 1128 3791 incrementa
1151 3728 1249 3809 capit·
1269 3727 1301 3789 in

174 3815 432 3878 consuetudinem
454 3824 552 3879 autem
576 3817 616 3890 id,
637 3818 717 3896 quod
739 3824 843 3879 natura
866 3816 1088 3897 quodammodo
1103 3815 1228 3881 insitum
1246 3823 1300 3889 est,

184 3909 247 3964 tum
265 3903 354 3976 venit,
371 3922 462 3982 quum
484 3905 528 3966 vis
550 3904 700 3986 operatrix
719 3923 809 4004 saepe
833 3912 915 3967 certo
938 3904 1067 3984 quodam
1081 3903 1175 3967 modo
1196 3922 1301 3967 move-

183 3996 249 4062 tur,
279 3991 359 4069 quod
386 3991 537 4070 quidem
529 4011 560 4053 m
588 3992 679 4053 rebus
699 3991 865 4053 inanimatis
892 4011 954 4054 non
985 3992 1161 4053 observatur
1190 3990 1301 4071 (neque

183 4074 263 4138 enim
285 4078 371 4158 lapis,
395 4079 510 4140 tametsi
533 4079 639 4140 millies
661 4097 780 4141 sursum
801 4079 925 4141 iactatus
947 4079 1047 4151 luerit,
1067 4096 1202 4158 unquam
1220 4078 1301 4141 nulla

151 4164 302 4225 tadmota
324 4165 352 4225 vi
374 4184 493 4227 sursum
523 4166 686 4246 volitabit).
716 4166 828 4228 idcirco
852 4166 968 4228 dicatur
990 4156 1077 4244 ἦθος
1101 4165 1178 4229 illud
1200 4164 1299 4237 animi,

183 4252 351 4330 qualitas
325 4271 389 4314 erus
407 4253 562 4326 facultatis,
586 4272 662 4333 quac
677 4253 800 4315 rationis
820 4254 940 4333 quidem
958 4270 1067 4335 expers
1086 4258 1144 4327 est,
1164 4260 1197 4317 at
1214 4254 1300 4317 obse-

184 4338 234 4418 qui
254 4347 354 4401 tamen
382 4347 413 4401 et
434 4341 642 4420 obtemperare
670 4347 771 4420 potest
794 4341 910 4403 rationi.
953 4341 1057 4420 ltaque
1079 4340 1300 4404 ostendendum

183 4431 245 4500 est,
268 4426 430 4506 exquibus
451 4426 765 4491 animiailectionibru
786 4446 889 4492 mores
911 4428 1055 4492 deantur.
1099 4428 1301 4511 deponentur
