2784 4838
91 220 170 301 294
624 220 667 294 Π.
698 221 757 294 11.

93 416 285 483 serasar-atio
307 422 366 489 est,
388 414 443 475 sed
465 414 603 495 principii
622 414 716 475 instar
737 413 829 475 finem
851 410 983 493 positum
1002 426 1070 471 esse
1091 426 1223 473 necesse
1245 418 1296 472 est.

178 505 280 583 Neque
297 503 376 564 eninr
394 503 528 565 medicus
544 502 714 564 considerat
727 508 828 563 utrum
844 498 944 561 valera
962 504 1102 579 oporteat
1119 516 1230 571 necne,
1245 500 1295 560 sed

178 600 279 653 utrum
299 589 489 652 deambulare
508 608 620 652 necne:
643 608 741 669 neque
761 587 970 667 gymnasticus‚
991 592 1095 649 uhum
1111 585 1196 649 hona
1215 586 1294 648 hahi-

179 678 282 740 tudino
302 678 345 739 nti
368 686 506 757 oporteat
528 697 642 750 necne,
672 678 727 739 sed
749 684 850 737 utruvn
871 673 977 738 luctari
998 692 1113 737 necne:
1144 672 1294 737 similiter-

179 788 238 848 que
257 766 338 828 nulla
360 784 408 827 ars
430 766 486 827 alia
506 767 543 827 de
562 766 621 827 line
641 764 850 826 constituendo
870 763 993 825 laborat.
1035 762 1294 836 Quemadmodum

180 854 259 915 enim
285 854 316 915 in
342 854 578 935 contemplativis
605 853 717 915 artihus
744 853 925 931 hypotheses
951 851 1052 913 locum
1071 849 1294 931 'principiorum

134 956 161 999 ao
180 942 324 1013 obtinent,
348 941 391 1003 sic
413 942 500 1003 ctiam
520 942 550 1001 in
572 940 712 1003 allectivis
734 940 846 1003 artibus
868 938 936 1001 linis
956 937 1138 1019 principium
1154 944 1188 1001 et
1203 938 1295 1019 hypo-

180 1029 271 1091 thesis
287 1036 347 1089 est:
372 1029 499 1109 exempli
515 1029 623 1107 gratia:
644 1027 906 1107 „quandoquidem
925 1026 1015 1088 dehet
1028 1026 1088 1087 hoc
1109 1026 1223 1099 valera,
1243 1046 1294 1087 ne-

179 1136 263 1179 ccsse
286 1124 332 1177 est
352 1118 410 1177 hoc
430 1116 505 1189 heri,
527 1117 553 1179 si
576 1116 648 1178 illud
666 1116 710 1192 [ut
725 1116 820 1177 valeat
841 1114 1009 1193 aegrotans]
1032 1113 1099 1177 ficri
1118 1114 1294 1175 volumus“:

179 1206 267 1285 plane
290 1212 323 1266 ut
341 1203 401 1265 illic
420 1205 460 1281 [in
481 1203 718 1283 contemplativis
736 1203 876 1281 artihus]:
896 1202 941 1275 „si
965 1200 1100 1265 continet
1114 1200 1294 1283 triangulum

179 1294 254 1355 diros
282 1299 381 1353 rectos
410 1292 553 1370 angulos,
585 1310 709 1353 neccsse
733 1299 778 1351 est
797 1291 855 1351 hoc
883 1289 1056 1369 consequi“.
1103 1288 1294 1368 Cogitationis

180 1380 269 1459 igitur
296 1379 475 1459 principium
507 1380 575 1441 finis
604 1386 665 1452 est,
693 1378 817 1439 actionis
848 1397 920 1439 vero
943 1375 1124 1457 principium
1142 1378 1293 1441 conclusio
1332 1396 1335 1487 p

178 1467 371 1546 cogitationis.
421 1467 453 1529 Si
482 1467 571 1545 igitur
600 1466 697 1529 omnis
721 1465 908 1529 rectitudinis
937 1472 989 1527 aut
1017 1464 1093 1527 rado
1125 1472 1180 1529 aut
1203 1465 1293 1527 virtus

132 1571 160 1613 aa
180 1574 267 1619 causa
291 1562 346 1627 est,
368 1574 467 1635 neque
489 1574 546 1636 per
567 1555 712 1616 rationern
735 1554 809 1617 illud
830 1552 966 1625 efficitur,
990 1552 1151 1615 dicendum
1173 1560 1221 1615 est
1241 1574 1293 1634 per

177 1644 317 1705 virtutem
334 1652 450 1705 rectum
471 1642 548 1703 ellici
566 1644 673 1714 linem,
697 1641 830 1705 sednon
853 1640 901 1713 id,
922 1640 1003 1721 quod
1024 1640 1114 1703 ducat
1134 1642 1173 1703 ad
1195 1642 1292 1703 linem.

176 1731 258 1793 Finis
276 1739 376 1792 autem
393 1738 438 1792 est
459 1730 499 1802 id,
522 1729 605 1793 cuius
625 1730 717 1809 gratia
737 1729 847 1809 aliquid
866 1730 907 1790 sn.
944 1728 998 1790 Fst
1018 1728 1099 1791 euim
1120 1728 1221 1791 omnis
1243 1730 1292 1790 de-

176 1820 298 1881 liberata
318 1818 455 1879 voluntas
476 1825 506 1880 et
526 1818 649 1880 alicuius
673 1829 702 1879 et
722 1817 848 1880 alicuius
867 1816 968 1896 gratia.
1013 1814 1103 1879 Cuius
1125 1816 1219 1895 gratia
1242 1836 1292 1879 au·
1329 1812 1333 1887 l

176 1916 237 1969 tem
259 1905 369 1987 aliquid
391 1907 434 1977 ht,
451 1906 481 1967 id
500 1906 630 1969 medium
654 1914 708 1977 cst,
733 1905 817 1971 cuiua
833 1923 920 1967 causa
943 1904 1037 1969 virtus
1056 1910 1112 1974 est
1136 1904 1207 1985 quia
1222 1906 1293 1989 hpec
1331 1928 1335 1953 ι

177 1995 216 2067 id,
236 1994 320 2057 cuius
341 1993 434 2071 gratia
449 2013 497 2054 res
516 1993 621 2071 agitur,
646 1994 735 2073 eligit.
773 1994 883 2055 Verum
899 1993 1035 2057 voluntas
1053 1990 1219 2055 deliberata
1233 2012 1292 2056 uon
1329 1962 1335 2079 i

176 2083 308 2155 adhoc,
339 2082 393 2143 sed
416 2081 454 2143 ad
476 2100 509 2143 ea
534 2090 667 2162 spectat,
692 2099 767 2161 quae
789 2080 857 2143 finis
881 2099 968 2143 causa
998 2079 1214 2161 suscipiuntur.
1258 2081 1294 2143 Ut

175 2171 264 2249 igitur
284 2171 367 2241 haec,
387 2188 462 2248 quae
484 2177 610 2249 propter
625 2171 717 2232 hnern
735 2168 869 2231 facienda
885 2176 1065 2242 sunt-recte
1087 2169 1291 2251 concoquens,

91 2258 230 2325 naualia
250 2259 387 2319 facultate
410 2275 487 2337 opus
510 2265 568 2319 est:
595 2258 648 2319 sed
671 2266 705 2321 ut
727 2256 810 2329 finis,
840 2257 988 2337 adquam
1017 2262 1134 2337 spectat
1154 2258 1291 2319 voluntas

177 2345 347 2417 deliberata,
370 2354 470 2406 rectus
491 2344 538 2417 sit,
556 2345 586 2405 id
609 2365 679 2406 vero
697 2344 790 2406 virtus
815 2343 913 2405 efficit.
959 2344 1055 2425 Atque
1073 2345 1152 2407 hauc
1167 2345 1209 2427 eh
1225 2364 1293 2409 cau·
1331 2410 1334 2433 Ι

177 2453 241 2497 sam
262 2453 298 2495 ex
318 2433 442 2495 consilio
463 2433 590 2496 hominis
614 2432 736 2513 eiusque
758 2433 910 2495 voluntate
931 2432 1108 2506 iudicamus,
1126 2432 1292 2496 cuiusmodi
1331 2442 1334 2517 p

177 2522 227 2585 ille
247 2520 301 2582 sit:
330 2522 389 2581 hoc
409 2532 455 2582 cst
472 2528 659 2600 spectamus,
680 2540 742 2583 non
764 2521 835 2602 quid
853 2520 905 2583 ille
920 2520 1018 2595 saciat,
1039 2520 1095 2583 aad
1118 2520 1204 2583 cuius
1227 2540 1291 2601 gra-

175 2608 215 2671 tia
231 2608 325 2669 saciat.
363 2608 504 2672 Similiter
521 2607 609 2671 etiarn
628 2608 770 2670 vitiositas
793 2607 1011 2673 contrariorum
1026 2608 1120 2687 gratia
1135 2609 1291 2673 consilium

145 2705 208 2759 set
230 2697 412 2758 voluntatem
437 2696 629 2759 deliberatam
651 2696 744 2775 gignit
765 2704 855 2777 atquc
873 2696 991 2759 format.

262 2784 350 2858 Quod
369 2785 394 2846 si
419 2784 495 2864 quis,
518 2801 609 2863 quum
625 2803 720 2863 penes
738 2784 837 2864 ipsum
855 2790 901 2845 est
918 2785 1017 2847 lacero
1038 2786 1166 2849 honesta
1185 2792 1217 2847 ct
1232 2804 1291 2847 non
1332 2832 1335 2839 .

175 2875 273 2934 lacere
293 2872 402 2955 turpia,
422 2871 602 2933 contrarium
622 2872 699 2943 lacit,
718 2880 843 2952 apparet
860 2878 948 2952 atque
968 2878 1072 2945 exstat,
1091 2873 1176 2937 hunc
1196 2873 1291 2935 homi-

176 2980 246 3023 nem
266 2980 327 3021 non
356 2979 423 3022 esse
445 2960 583 3040 probum.
628 2959 730 3039 ltaque
756 2978 880 3023 necesse
907 2967 1004 3023 estet
1028 2960 1134 3023 vitium
1152 2979 1222 3025 csse
1240 2981 1290 3023 vo-

173 3048 333 3111 luntarium
356 3056 386 3109 ot
407 3046 562 3109 virtutem:
594 3048 675 3108 nulla
697 3047 777 3110 enim
799 3047 960 3111 necessitas
981 3054 1016 3111 ut
1038 3067 1130 3129 prava
1151 3049 1291 3113 iaciamus

176 3137 262 3215 cogit.
315 3137 507 3215 Quapropter
535 3140 565 3196 ct
590 3134 837 3215 vituperationem
869 3136 973 3199 vitium
1001 3143 1031 3197 at
1055 3136 1177 3201 laudem
1199 3137 1290 3199 virtus
1331 3154 1335 3266 p

130 3237 157 3283 rc
175 3225 273 3285 habet.
313 3223 386 3284 Nam
403 3242 478 3303 quae
499 3223 535 3283 ah
554 3222 646 3283 invito
662 3223 760 3302 turpia
777 3231 807 3284 et
822 3224 898 3285 mala
917 3224 1153 3299 committuntur,
1177 3243 1213 3287 ca
1231 3244 1290 3289 non

175 3311 395 3392 vituperantur:
425 3329 523 3389 neque
544 3310 718 3383 laudantur,
747 3330 822 3391 quae
843 3311 922 3373 huna
945 3312 1021 3373 liunt
1042 3312 1079 3375 ah
1101 3312 1215 3387 invito,
1239 3314 1290 3375 sed
1332 3318 1335 3411 l

174 3418 249 3480 quae
273 3398 436 3460 avolante.
482 3398 640 3459 Praeterea
661 3398 700 3459 ita
726 3399 881 3461 laudamus
901 3417 1006 3461 omnes
1035 3406 1066 3461 et
1087 3399 1291 3481 vituperamus
1333 3416 1335 3429 ·

174 3495 207 3549 ut
223 3486 405 3547 voluntatem
421 3486 574 3548 hominum
595 3494 764 3566 spectemus
781 3487 881 3566 potius
898 3506 987 3567 quam
1007 3488 1094 3561 lacta,
1113 3508 1291 3570 quamquam

175 3574 251 3636 actio
282 3581 312 3634 et
339 3572 473 3653 operatio
501 3572 616 3635 virtutis
642 3574 840 3652 praestantius
871 3582 932 3648 est,
966 3574 1035 3655 quia
1054 3576 1194 3641 homiues
1215 3577 1291 3641 male

131 3674 157 3716 aa
177 3664 252 3723 lacta
280 3660 367 3722 etiarn
391 3661 484 3723 coacti
507 3661 711 3733 committunt,
734 3663 788 3723 sed
809 3682 898 3725 nemo
923 3680 957 3723 ca
979 3664 1118 3727 consulta
1138 3664 1198 3729 sihi
1220 3685 1291 3747 pro-

175 3748 268 3827 ponit.
319 3749 393 3822 Quia
425 3769 495 3810 vcro
524 3748 642 3810 difficile
671 3758 716 3811 est
734 3750 907 3830 perspicere
933 3750 1118 3815 voluntatem
1138 3760 1171 3815 et
1192 3753 1290 3817 cousi·

174 3836 248 3898 lium
275 3837 418 3910 hominis,
456 3837 567 3899 idcirco
591 3855 626 3896 ex
647 3836 729 3899 lactis
751 3845 781 3898 ct
803 3838 963 3919 operibus,
994 3839 1089 3920 qualis
1114 3838 1154 3901 sit
1176 3841 1290 3923 aliquis,

174 3924 305 3986 iudicare
336 3926 478 4003 cogimur.
523 3924 576 3985 Est
600 3923 689 4002 igitur
710 3925 810 4004 potius
841 3927 961 4007 quidem
984 3927 1061 3989 actio
1091 3937 1124 3991 et
1145 3930 1290 4009 operatio,

175 4012 228 4073 sed
256 4012 429 4073 laudabilius
454 4013 606 4073 voluntas:
639 4011 728 4090 idque
759 4034 851 4093 quum
881 4034 916 4075 ex
949 4015 1116 4079 rationibus
1148 4017 1291 4099 expositis

174 4098 338 4178 colligatur,
363 4109 428 4164 tum
447 4119 513 4163 cum
531 4119 564 4161 re
586 4100 735 4162 consentit
756 4120 791 4163 ac
812 4102 943 4165 veritate.

588 4358 789 4369 —————--—
