2776 4836
600 214 674 289 vu.
706 220 764 292 ιο.
1007 221 1011 231 ’
1198 156 1280 298 'ara

77 409 258 475 nechabet
277 407 322 468 ius
346 406 439 467 civile.
483 406 554 468 Nam
577 408 634 468 alio
658 416 745 489 pacto
768 428 850 471 serra
872 416 960 488 atque
983 411 1084 472 artilex
1106 411 1279 473 societatem

166 497 287 567 babent,
308 513 370 556 non
391 494 429 554 ob
453 514 610 556 commune
632 496 796 594 quidpiam
811 496 892 570 (nam
911 496 1022 558 babent
1039 516 1106 559 sese
1129 506 1162 559 ut
1184 510 1279 561 mem-

122 596 147 640 ιε
167 584 254 646 brum
277 590 306 644 et
321 580 467 661 animus),
498 566 552 643 sed
572 583 610 643 ob
632 583 726 656 illum,
749 583 798 662 qui
819 583 1018 645 instrumento
1043 586 1148 646 utitur:
1175 605 1278 666 quam-

165 689 253 752 quam
274 670 316 743 fit,
339 676 373 730 ut
395 670 481 729 etiam
503 669 701 731 instrtumeno
726 661 897 730 consulatur
919 679 948 731 et
966 673 1182 752 prospiciatur,
1206 694 1279 753 qua-

164 770 251 820 tenus
275 757 304 821 id
328 764 453 861 propter
479 776 555 837 opus
578 758 765 818 efficiendum
786 776 909 818 necesse
932 766 962 818 et
986 760 1096 821 iustum
1116 769 1176 821 est:
1210 780 1278 823 nam

165 845 266 927 operis
289 845 376 905 causa
397 844 626 905 instrumentum
644 845 785 905 babetur:
809 853 912 924 estque
930 846 1083 926 duplex
1058 866 1101 907 vis
1122 866 1157 908 ac
1172 856 1278 909 natura

166 934 317 1005 tenebrae,
350 931 507 1011 potiorque
536 932 578 993 vis
601 932 630 992 in
654 932 771 992 actione
789 932 891 1011 posita
922 939 983 1006 est,
1015 934 1045 996 in
1069 935 1277 996 terebratione.

164 1023 259 1100 Atque
276 1020 307 1080 in
330 1021 388 1079 boc
413 1038 522 1097 genere
545 1038 655 1098 corpus
676 1027 705 1080 et
727 1028 906 1093 servus'est,
930 1029 1075 1101 utsupra
1099 1022 1234 1083 diximus.

254 1106 355 1186 ltaque
377 1105 401 1166 si
425 1106 585 1184 quaeritur,
608 1127 666 1186 quo
691 1115 777 1186 pacto
800 1107 893 1168 amico
915 1109 1059 1169 utendum
1086 1109 1138 1181 sit,
1161 1111 1278 1188 quaeri-

117 1209 145 1252 ao
166 1204 224 1268 tur,
249 1194 318 1275 quid
337 1194 446 1254 iustum
465 1193 511 1254 sit.
552 1193 684 1274 Namque
705 1196 736 1256 ¹in
758 1194 929 1254 universum
946 1215 1044 1268 omne,
1068 1196 1148 1276 quod
1168 1196 1278 1268 iustum

166 1291 220 1355 est,
241 1283 277 1342 od
301 1281 426 1342 amicum
450 1281 588 1360 pertinet.
634 1282 805 1361 Nam-quod
828 1281 936 1342 iustum
961 1290 1014 1354 est,
1036 1282 1065 1343 id
1086 1290 1115 1342 et
1132 1283 1278 1363 aliquibus

166 1380 196 1432 et
219 1369 406 1431 consortibus
433 1369 476 1428 rei
498 1369 607 1429 iustum
632 1376 692 1429 est:
720 1378 750 1429 et
770 1369 881 1430 arnicus
903 1373 1027 1430 consors
1047 1377 1092 1430 est
1113 1370 1202 1431 modo
1226 1390 1278 1450 go-

165 1458 245 1520 neris
264 1456 412 1527 eiusdem,
440 1455 529 1515 modo
552 1456 636 1515 ritae.
676 1455 733 1516 nst·
752 1455 830 1517 enim
853 1458 942 1516 homo
968 1476 1029 1517 non
1051 1457 1277 1520 solumanimal

163 1545 265 1616 civile,
293 1543 345 1603 scd
375 1543 463 1603 etiam
485 1543 592 1603 animal
623 1543 834 1604 domesticum:
867 1563 965 1624 neque
988 1545 1077 1605 bomo
1106 1552 1140 1606 ut
1165 1545 1277 1625 reliqua

163 1630 314 1703 animalia,
345 1630 435 1690 modo
454 1629 512 1690 coit
530 1631 607 1691 lorte
634 1638 746 1691 temere
770 1649 836 1691 cum
859 1650 941 1692 mare
966 1640 1018 1692 aut
1037 1632 1160 1704 lemine,
1187 1634 1276 1694 modo

112 1738 142 1781 aa
163 1721 257 1787 vitam
275 1717 357 1796 degit
378 1717 522 1783 coelibem
545 1726 574 1778 et
592 1718 768 1796 solivagam,
800 1736 903 1778 verum
923 1721 1077 1781 esthemo
1100 1719 1207 1780 aniriral
1226 1741 1276 1782 so-

161 1805 329 1877 ciebimus,
354 1805 527 1885 quibuscum
546 1808 651 1866 naturai
675 1805 810 1884 cognatio
833 1814 886 1866 est.
931 1806 1031 1879 Quare
1054 1815 1083 1866 et
1105 1807 1230 1868 societas
1248 1817 1277 1870 et

162 1897 207 1958 ius
231 1893 380 1974 quoddam
404 1900 465 1966 est,
491 1892 603 1954 etiamsi
627 1893 760 1953 nondum
782 1893 877 1952 luerit
892 1893 1001 1954 civitas.
1046 1893 1165 1954 Familia
1188 1895 1277 1973 igitur

163 1991 209 2045 est
230 1981 373 2061 quaedam
397 1980 530 2041 amicitia.

248 2069 309 2130 lam
332 2085 403 2128 vero
427 2067 537 2128 domini
560 2075 589 2127 et
611 2068 687 2154 servi
711 2068 837 2128 societas
859 2068 925 2128 talis
948 2078 1002 2142 est,
1027 2029 1132 2148 qualis
1140 2081 1185 2131 est
1205 2072 1276 2132 artis

162 2167 192 2219 t
209 2158 491 2228 instrumentorum
520 2162 609 2234 atque
629 2148 718 2215 animi
738 2162 767 2215 et
788 2155 931 2235 corporis
977 2157 1059 2229 Quae
1080 2159 1277 2220 necessitudi-

112 2261 143 2303 ao
163 2264 218 2307 nes
237 2262 335 2322 neque
357 2242 501 2304 amicitiae
522 2261 619 2321 neque
640 2242 766 2303 iustitiae
788 2250 874 2315 sunt,
904 2244 958 2304 scd
979 2243 1087 2323 aliquid
1109 2247 1274 2325 analogum,

162 2330 412 2413 quemadmodum
435 2330 521 2390 etiam
543 2329 573 2389 in
597 2328 648 2388 lilii
673 2337 701 2389 et
723 2330 815 2409 patris
834 2330 949 2391 ratione
970 2350 1031 2393 non
1052 2332 1108 2404 ius,
1132 2334 1188 2394 sed
1204 2352 1275 2393 ana-

160 2422 261 2498 logum
291 2417 364 2478 iuris
392 2425 445 2478 est.
494 2416 588 2477 Mariti
619 2425 717 2477 autem
740 2424 769 2477 et
787 2418 888 2478 uxoris
909 2417 1044 2491 amicitia,
1068 2427 1101 2480 ut
1121 2421 1274 2482 utilitatem

159 2508 257 2578 hebet,
283 2506 322 2565 ita
344 2523 414 2565 vere
436 2505 562 2565 societas
582 2512 634 2563 est.
678 2503 778 2575 Patris
797 2525 867 2566 vero
891 2517 920 2565 et
940 2506 991 2567 lilii
1013 2507 1202 2569 necessitudo
1226 2527 1276 2568 ea-

161 2597 228 2656 dem
254 2601 313 2665 est,
344 2611 419 2671 qnae
448 2592 495 2652 dei
519 2598 549 2652 ct
567 2590 711 2662 hominis,
739 2600 768 2653 et
785 2594 867 2664 talis,
898 2593 991 2672 qualis
1011 2599 1056 2653 est
1079 2594 1222 2655 beneficia
1244 2595 1274 2655 in

161 2683 286 2744 alterum
311 2679 491 2740 conserentis
511 2687 541 2740 et
561 2679 732 2758 accipientis
754 2680 913 2751 beneficia,
944 2687 1031 2759 atque
1046 2683 1176 2742 omnino
1199 2681 1273 2755 talis,

113 2769 255 2851 aequalis
279 2776 324 2828 est
346 2769 450 2828 natural
468 2765 631 2846 superioris
647 2774 677 2826 et
697 2770 803 2829 naturai
824 2766 981 2827 interioria
1019 2760 1154 2828 Fratrum
1176 2775 1273 2829 autem

161 2855 351 2919 necessitudo
374 2856 501 2916 estsere
524 2854 572 2914 illa
595 2854 738 2914 sodalium
762 2855 845 2926 ratio,
869 2853 951 2912 curius
976 2853 1200 2914 tundamentum
1223 2874 1274 2915 ae-

162 2944 296 3024 qualitas·
309 2950 362 3003 est.

319 3029 440 3110 „Neque
463 3034 540 3090 eru'm
562 3030 665 3090 notbos
688 3029 753 3090 bute
773 3047 824 3107 epo
846 3039 933 3089 notos
953 3046 1048 3098 snm,

325 3117 431 3178 Verum
455 3118 608 3180 amborum
626 3128 714 3196 poter
737 3127 779 3177 est
801 3117 893 3176 dictus

323 3203 453 3284 luppiter
475 3209 571 3285 ipse.“

160 3293 303 3355 Nimirum
325 3294 398 3353 haec
418 3300 464 3352 est
485 3312 541 3354 vox
565 3311 685 3361 eorum,
712 3291 761 3370 qui
784 3289 915 3369 aequalia
935 3288 989 3350 sibi
1012 3288 1171 3350 vindicant
1215 3288 1274 3349 lta·

73 3401 217 3461 uiaeque
239 3381 270 3440 in
294 3381 382 3441 domo
411 3381 508 3440 tontes
537 3388 566 3441 et
596 3378 739 3458 principia
767 3377 910 3438 amicitiae
939 3383 969 3438 et
992 3375 1114 3437 civitatis
1145 3384 1174 3437 et
1202 3376 1273 3437 iuris

161 3474 239 3529 siunt.

233 3556 331 3628 Quum
355 3573 425 3615 vero
444 3562 505 3614 tres
528 3553 671 3614 amicitiae
690 3554 806 3633 species
824 3553 893 3624 sint,
914 3553 1038 3624 virtutis,
1060 3551 1201 3624 utilitatis,
1221 3570 1273 3612 vo·

160 3643 290 3722 luptatis
314 3650 402 3721 atque
424 3641 454 3702 in
473 3660 648 3720 unaquaque
670 3643 773 3702 barum
796 3642 871 3702 duae
894 3639 1093 3713 differentiae,
1116 3646 1205 3720 prout
1224 3645 1272 3698 aut

127 3747 141 3787 a
160 3730 321 3808 aequalitas
344 3729 373 3788 in
396 3728 438 3788 eis
461 3736 511 3788 aut
532 3728 690 3789 eminentia
710 3737 769 3790 est:
798 3729 843 3789 ius
872 3736 970 3789 autem
1000 3729 1104 3789 barum
1132 3725 1273 3787 amicitia-

149 3836 225 3893 rum
248 3836 284 3877 ex
301 3816 512 3877 controversiis
530 3824 743 3894 cognoscatur:
766 3816 795 3875 in
812 3815 861 3876 illa
880 3816 1010 3895 quidem,
1035 3832 1109 3893 quae
1124 3813 1273 3874 excellen-

160 3903 230 3964 tiam
248 3905 338 3965 babet
363 3903 505 3972 amicitia,
535 3903 695 3982 requiritur
711 3903 891 3980 catalogum,
922 3901 974 3961 sed
1003 3919 1065 3960 non
1088 3899 1272 3979 parimodo,

161 3998 264 4051 verum
282 3992 421 4070 superior
442 3990 505 4050 vice
526 4008 610 4051 versa
629 3989 785 4067 analogum
809 3988 937 4066 expetit,
960 3994 1002 4057 ut,
1024 3985 1273 4064 quemadmodum

160 4078 225 4157 ipse
247 4097 279 4138 sc
300 4078 389 4139 babet
408 4077 445 4138 ad
467 4076 690 4148 inferiorem,
667 4095 710 4136 sic
732 4095 764 4137 se
787 4075 893 4136 habeat
914 4074 953 4144 id,
977 4072 1057 4152 quod
1073 4072 1110 4132 ab
1132 4071 1274 4132 interiore

160 4170 299 4244 paratur,
328 4164 431 4235 adid,
462 4163 540 4242 quod
562 4163 689 4261 abipso
710 4169 846 4241 paratur:
882 4158 1123 4257 quandoquidem
1142 4158 1272 4219 conditio

114 4267 141 4312 ιο
160 4251 223 4311 eius
247 4250 314 4311 talis
337 4259 400 4322 est,
428 4251 522 4350 qualis
545 4260 590 4310 est
613 4249 691 4348 eius,
713 4249 762 4328 qui
779 4248 922 4327 imperat,
950 4237 1112 4325 comparati
1136 4263 1204 4305 cum
1227 4263 1271 4316 eo,

160 4337 210 4416 qui
233 4345 319 4417 paret
341 4338 484 4417 imperio:
512 4338 592 4416 quod
615 4336 640 4396 si
658 4354 720 4397 non
743 4336 785 4406 lit,
810 4342 890 4396 certe
912 4334 952 4407 id,
972 4332 1053 4413 quod
1075 4349 1200 4393 numero
1223 4349 1273 4392 ae-

160 4424 246 4503 quale
269 4432 323 4496 est,
346 4425 484 4504 postulat.
529 4424 601 4484 Nam
620 4423 697 4485 idem
717 4423 804 4485 etiam
822 4422 852 4484 in
873 4420 994 4502 reliquis
1012 4419 1203 4482 societatibus
1217 4436 1274 4478 usu
