2784 4838
93 182 171 263 296
634 185 692 259 lll.
723 188 757 259 l.

95 388 329 457 laesaquatenus
347 386 417 437 sunt
440 378 575 457 pueruli,
603 379 730 439 iucunda
752 376 899 439 ridentur.
937 374 1080 437 Similiter
1101 374 1194 437 etiam
1215 376 1295 439 terri·
1330 418 1333 437 .

182 466 249 528 bilia
274 466 379 545 partim
402 465 538 527 absolute
559 467 699 527 terribilia
722 476 811 537 sunt,
841 466 949 547 partim
970 462 1066 525 alicui.
1110 464 1197 537 Quae
1215 464 1294 543 igitur
1330 454 1339 547 l

183 554 319 623 timidus,
349 562 495 631 quatenus
526 554 644 615 timidus
670 564 732 625 est,
760 554 881 615 metuit.
904 572 938 613 ea
960 551 1068 632 partim
1090 552 1168 613 nulli
1189 553 1293 615 bomini

182 642 323 703 terribilia
342 651 421 711 sunt,
445 643 551 721 partim
573 643 678 705 leniter
700 642 866 702 dumtaxat:
888 660 963 721 quae
981 658 1053 701 rere
1073 639 1229 721 plerisque
1246 641 1294 701 bo
1332 586 1337 699 i

137 741 165 783 ²³
184 730 312 791 minibus
334 747 469 809 quaeque
495 740 616 792 naturae
637 732 785 791 bumunae
808 730 839 791 in
860 729 1030 790 universum
1060 728 1206 791 terribilia
1223 738 1293 791 srmt.
1333 754 1339 839 p

182 820 253 879 baec
282 817 417 877 absoluto
448 819 588 880 terribilia
611 818 744 879 dicimus.
794 817 844 879 l'ir
867 816 952 879 lortis
982 833 1053 877 rero
1080 814 1112 875 in
1142 816 1204 877 illis
1220 826 1296 877 rarat

181 914 278 975 metu,
296 923 330 963 ae
348 904 414 964 talia
438 906 577 967 terribilia
597 906 741 975 sustinet,
762 924 837 983 quae
861 905 887 966 ei
910 924 946 965 ex
968 922 1027 965 uua
1045 912 1132 983 parte
1149 912 1223 965 suut
1241 913 1296 965 ter·
1333 894 1338 997 Ι

181 992 284 1063 ribilia,
308 1012 343 1053 cx
362 992 453 1053 altera
477 1003 562 1073 parte
581 1014 642 1055 non
666 1002 735 1054 sunt
758 992 910 1055 terribilia.
932 992 1045 1052 scilicet
1063 992 1210 1053 terribilia
1230 1012 1295 1073 qua-
1332 1000 1335 1005 '

183 1090 270 1141 tenus
292 1088 336 1139 est
359 1081 466 1153 bomo,
493 1101 554 1143 nen
577 1082 718 1143 terribilia
743 1081 843 1161 utique
862 1090 913 1141 aut
931 1079 1054 1149 leriter,
1087 1088 1237 1159 quatenus
1257 1088 1296 1141 est
1332 1054 1336 1123 l

138 1184 166 1227 ao
186 1168 229 1229 rir
250 1168 349 1228 sortis:
379 1187 556 1248 quamquam
578 1179 648 1229 sunt
678 1169 745 1229 talia
768 1168 926 1230 terribilia:
958 1176 1030 1227 sunt
1047 1166 1128 1227 enim
1149 1168 1295 1249 plerisque

185 1256 354 1317 bominibus
374 1257 525 1318 terribilia.
558 1258 641 1319 llanc
660 1257 699 1318 ob
716 1275 833 1318 causam
853 1256 989 1316 laudatur
1004 1254 1092 1315 etiam
1111 1254 1162 1317 bie
1176 1254 1295 1317 babitus
1329 1188 1333 1327 i

183 1344 234 1405 Est
256 1344 334 1405 enim
359 1344 412 1405 riri
431 1346 516 1406 lortis
535 1345 639 1407 similis
661 1345 735 1405 ratio
757 1354 845 1424 atque
863 1342 977 1404 robusti
995 1360 1031 1403 ae
1050 1342 1157 1403 ualidi:
1177 1342 1209 1405 bi
1224 1343 1295 1405 euim
1327 1354 1332 1453 p

183 1450 244 1493 non
273 1439 433 1511 propterca
463 1434 543 1513 quod
573 1433 648 1493 alter
678 1451 780 1493 eorum
807 1450 825 1491 a
854 1431 937 1492 nullo
967 1430 1086 1503 labere,
1116 1430 1197 1491 alter
1220 1449 1295 1492 nea

183 1519 274 1581 nimio
297 1519 416 1599 quidem
440 1522 543 1583 labore
566 1522 734 1599 frangatur.
758 1518 872 1581 robusti
895 1518 1041 1599 validique
1063 1526 1226 1598 putantur,
1247 1519 1296 1580 sed

183 1616 360 1689 propterea,
389 1610 468 1689 quod
492 1608 600 1689 quibus
617 1609 709 1670 rebus
726 1607 831 1685 r·rrlgus
850 1606 1003 1667 bominum
1027 1624 1062 1665 ae
1085 1606 1209 1687 plurimi
1228 1607 1295 1669 alili-

183 1703 310 1771 guntur,
341 1695 385 1754 bis
415 1706 466 1756 ant
494 1696 616 1757 omnino
646 1715 707 1756 neon
739 1703 901 1773 tanguntur
927 1702 979 1754 aut
1000 1692 1107 1756 leviter
1129 1702 1295 1773 tanguntur,
1329 1740 1333 1751 .

138 1800 166 1843 aa
185 1784 254 1843 dum
275 1782 476 1845 valetudinarii
496 1793 523 1844 et
552 1784 659 1845 infirmi
679 1793 707 1844 et
731 1784 826 1862 ignari
851 1782 939 1844 etiam
961 1781 1172 1843 communibus
1191 1792 1222 1844 et
1237 1783 1296 1843 rul-
1327 1776 1332 1859 l

183 1870 301 1947 parilrus
322 1873 458 1951 corporis
475 1871 672 1933 incommodis
695 1882 724 1931 et
745 1869 951 1931 allectionibus
968 1868 1170 1943 debilitantur,
1191 1881 1222 1932 et
1237 1870 1296 1951 qui·
1330 1900 1335 1921 r

187 1958 254 2018 dem
273 1958 399 2019 celerius
412 1960 675 2038 vehementiusque
694 1978 781 2039 quam
804 1958 938 2038 plerique
955 1956 1102 2030 bemines,
1124 1976 1296 2039 quamquam
1329 1944 1333 2055 l

185 2046 372 2107 cccrntrario
403 2048 459 2108 illis
483 2048 591 2117 rcbus,
620 2048 727 2125 ‹pribus
758 2046 872 2108 robusti
895 2064 931 2105 ae
951 2044 1039 2105 ralidi
1061 2044 1202 2109 homines
1223 2048 1297 2107 iran-

185 2142 303 2210 guntnr,
323 2152 413 2211 saepe
433 2154 492 2195 non
515 2144 673 2197 morentur
693 2144 743 2195 ant
766 2134 871 2195 leviter
892 2141 1062 2211 tanguntur.

271 2220 430 2293 eracritnr
449 2232 547 2283 autem
569 2242 641 2285 nnrn
665 2223 727 2283 rire
749 2222 818 2282 lorti
841 2221 914 2282 nibil
937 2221 976 2281 sit
998 2220 1253 2301 terribilemque
1273 2220 1297 2282 ei

185 2328 313 2388 nnqnarn
333 2316 430 2371 nnetns
448 2310 603 2371 iniieiatur.
632 2311 676 2371 An
696 2311 760 2372 beri
777 2318 876 2389 petest
892 2317 925 2370 ut
942 2308 989 2369 bic
1004 2326 1124 2389 queque
1142 2306 1297 2391 aliquando

100 2396 296 2469 rma-timent,
319 2397 409 2457 inodo
431 2398 471 2469 id,
494 2400 573 2478 ‹prrcnl
594 2417 685 2477 supra
709 2398 843 2467 diximus,
862 2392 1042 2457 teneamus?
1078 2396 1202 2457 Scilicet
1219 2396 1299 2458 lerti-
1334 2384 1338 2487 i

185 2484 256 2544 tudo
280 2492 326 2543 cst
347 2484 562 2566 obtemperatio
581 2486 704 2548 rationi:
727 2485 801 2547 ratio
823 2492 921 2545 antem
943 2484 1068 2545 honesta
1090 2491 1236 2564 expetere
1255 2484 1297 2546 iu·

185 2572 244 2631 bet
291 2571 466 2653 Quicunque
493 2574 581 2651 igitur
609 2593 670 2634 non
694 2574 732 2635 eb
756 2575 914 2634 honestum
943 2572 1070 2633 sustinet
1091 2571 1256 2647 terribilia,
1276 2572 1299 2633 is

183 2667 234 2718 ant
256 2660 363 2719 mentis
393 2680 453 2722 non
478 2680 601 2741 compos
631 2668 682 2721 aut
702 2662 797 2722 audax
824 2670 884 2721 est:
914 2660 963 2739 qui
986 2680 1058 2723 vere
1081 2659 1121 2721 eb
1141 2660 1298 2723 honestum

184 2766 245 2807 non
268 2747 347 2809 cedit
369 2749 470 2820 metui,
493 2750 518 2810 is
541 2767 612 2809 rere
637 2761 718 2810 metu
740 2767 849 2809 saeuus
871 2748 1012 2828 solusque
1034 2747 1121 2809 lorlis
1143 2754 1200 2809 est.
1243 2748 1300 2809 lam

152 2834 304 2895 otimidus
328 2836 414 2897 etiarn
434 2856 485 2909 ca,
508 2855 582 2916 qnae
605 2854 665 2897 non
690 2838 793 2907 debet,
814 2836 935 2907 metuit,
958 2836 1053 2897 audax
1073 2853 1146 2896 vero
1165 2835 1298 2899 etiamiu

184 2922 239 2995 bis,
258 2922 287 2983 in
308 2923 415 3003 ‹pribns
437 2943 497 2984 nen
519 2932 648 3003 oportet,
671 2926 775 2985 audet:
794 2924 879 2985 sortis
900 2942 972 2985 vero
993 2924 1025 2985 in
1047 2930 1177 3003 unoque
1198 2924 1248 2997 ita,
1271 2930 1301 2985 ut

184 3019 298 3071 rectum
319 3021 379 3084 ost,
412 3032 479 3073 sese
502 3020 650 3091 praestat,
678 3032 773 3093 eoque
794 3012 910 3073 medius
933 3019 987 3072 est.
1029 3011 1103 3073 Nem
1132 3030 1209 3091 quae
1230 3011 1300 3073 ratio

184 3098 279 3171 iniret,
311 3118 344 3159 cn
374 3107 403 3159 et
424 3100 513 3159 audet
542 3108 571 3159 et
601 3100 714 3161 metuit.
758 3100 842 3160 Ratio
869 3106 967 3160 autem
990 3118 1096 3177 magna
1120 3099 1256 3179 pericula
1275 3106 1302 3161 et
1340 3124 1342 3193 p

185 3187 351 3265 perniciosa
370 3206 428 3247 non
452 3187 534 3248 iubet
551 3188 716 3261 sustinere,
748 3188 804 3248 nisi
827 3189 986 3249 honestum
1008 3187 1106 3248 luerit.
1149 3186 1299 3267 1]ηωίςί-

140 3284 166 3328 ro
185 3285 233 3334 tur
254 3276 356 3346 audax,
380 3274 468 3335 etiam
489 3275 513 3334 si
536 3294 598 3336 non
621 3276 702 3337 iubet
722 3276 806 3349 ratio,
828 3276 919 3338 audet
940 3276 1003 3347 ista,
1026 3275 1150 3353 ignavus
1170 3294 1245 3339 vero
1264 3293 1299 3337 ue

184 3362 223 3421 ita
251 3362 388 3441 quidem,
420 3361 444 3421 si
472 3362 571 3423 iubeat
593 3364 683 3423 ratio:
710 3363 754 3424 vir
782 3364 866 3425 sortis
888 3364 971 3424 solus
993 3369 1074 3435 tum,
1106 3382 1200 3443 quum
1223 3364 1301 3425 iubet

185 3449 268 3521 ratio,
292 3449 389 3509 aridet.

271 3536 467 3598 l'erbibontur
485 3545 584 3600 antem
603 3539 732 3619 ‹prinque
749 3540 865 3619 speeies
884 3537 1075 3612 tortitudinis,
1098 3537 1137 3599 eb
1154 3540 1301 3619 quandem

183 3623 421 3685 similitudinem:
451 3645 520 3686 nam
540 3627 643 3687 eadem
667 3627 785 3706 quidem
808 3628 867 3699 illi,
890 3628 939 3707 qui
962 3627 1001 3688 ita
1024 3626 1117 3688 iertes
1144 3626 1302 3689 nominan-

185 3720 242 3783 tur,
262 3712 418 3785 snstinent,
442 3714 575 3774 sednon
597 3714 634 3774 ob
655 3733 756 3775 causas
774 3715 902 3776 easdem.
940 3716 1072 3788 Quarum
1090 3732 1151 3775 uua
1175 3722 1223 3777 est
1241 3715 1301 3776 ler-

185 3799 278 3860 titudo
304 3800 411 3861 civilis:
435 3820 522 3882 quam
545 3802 622 3881 parit
644 3803 743 3881 pudor
765 3821 799 3863 ae
821 3803 1009 3865 verecundia.
1053 3800 1154 3864 Altera
1179 3810 1227 3865 est
1246 3802 1302 3865 mi-

185 3887 291 3948 litaris:
321 3889 394 3949 baec
417 3898 462 3951 est
485 3890 523 3949 ob
546 3889 756 3968 experientiam
779 3897 809 3951 et
831 3891 898 3969 (pria
916 3897 1066 3951 neverunt
1087 3892 1174 3962 nen,
1191 3900 1227 3952 ut
1247 3891 1302 3951 So·

142 3989 166 4031 n
186 3983 280 4035 crates
303 3976 508 4048 arbitrabatur,
533 3977 682 4049 terribilia,
705 3978 758 4038 sed
780 3978 847 4058 quia
866 3986 1015 4039 noverunt
1037 3977 1170 4039 rationes
1196 3979 1302 4057 quibus

185 4063 323 4123 terribilia
347 4083 361 4124 a
386 4086 418 4125 se
438 4073 579 4125 nven‘tant.
632 4065 730 4126 Tertia
760 4073 805 4126 est
836 4067 871 4126 ab
896 4065 1044 4147 imperitia
1072 4072 1103 4126 et
1124 4065 1301 4145 ignorantia,

185 4170 241 4229 qna
267 4152 438 4213 fortitudine
465 4152 592 4213 intentes
619 4162 649 4213 et
677 4154 811 4214 homines
843 4153 938 4214 insani
969 4153 1078 4234 partim
1107 4171 1170 4214 non
1192 4154 1303 4217 cedunt

184 4238 235 4305 iis,
279 4259 353 4318 (puae
380 4239 411 4300 in
446 4259 616 4321 eoscunque
645 4248 748 4313 ruant,
783 4240 891 4320 partim
921 4249 1079 4321 serpentes
1105 4247 1303 4304 conuectant„

184 4326 246 4387 Alia
265 4334 311 4387 est
329 4346 364 4388 ex
382 4347 437 4408 spe
456 4328 550 4399 bona,
575 4348 609 4388 er
628 4348 684 4407 qua
707 4336 766 4389 tam
788 4328 824 4399 ii,
848 4329 898 4408 qui
921 4329 1053 4390 secunda
1072 4330 1195 4391 fortuna
1213 4348 1303 4410 saepe

185 4414 389 4488 abundarunt,
411 4435 498 4496 quam
519 4416 654 4478 hemines
677 4415 750 4477 ebrii
773 4414 906 4496 pericula
927 4416 1094 4479 sustinent:
1126 4434 1199 4481 uem
1215 4436 1303 4500 spem
