2776 4836
566 211 734 289 avua.
796 286 799 290 ,
874 219 876 224 ’
1162 209 1240 295 ala

73 410 188 478 necat,
220 404 300 486 quod
321 404 367 467 his
395 406 484 468 certis
505 406 629 487 singulis
656 406 769 468 bonum
793 411 853 467 est:
887 422 961 484 quae
987 405 1106 486 quidem
1129 405 1241 469 debent

84 515 87 519 ·
127 491 297 554 concinere.
336 492 433 574 Atque
449 495 523 557 haec
543 503 577 557 ut
597 494 765 566 concinant,
789 493 881 554 virtus
903 490 1008 554 eflicit:
1029 500 1118 573 atquc
1141 512 1240 556 mora·

127 579 163 642 lis
184 586 214 642 et
232 579 324 643 civilis
347 579 520 661 disciplinae
541 582 598 644 hoo
621 581 808 663 propositum
832 587 894 652 est,
915 586 964 653 ut,
986 599 1113 660 quorum
1134 581 1239 644 animis

126 665 176 729 illa
190 666 339 731 bonorum
358 668 543 731 diversomm
560 669 719 732 eoncordia
736 669 870 730 nondum
892 667 971 741 insit,
993 667 1038 729 nis
1058 686 1092 730 ea
1107 677 1238 748 paretur,

128 753 293 817 dummodo
309 755 387 818 bene
410 757 545 837 dispositi
568 765 596 820 et
619 758 650 820 in
671 766 754 818 recto
773 755 890 818 tramite
911 763 941 816 et
963 755 1084 827 omuino
1102 756 1239 831 homines

126 841 252 904 fuerint:
281 861 350 906 nam
373 843 535 907 dummodo
556 846 683 908 humana
713 844 818 925 aliquis
840 851 945 905 natura
968 842 1120 923 praeditus
1140 845 1238 918 fuerit,
1293 870 1302 885 ¹

92 939 108 983 ⁸
126 947 198 991 vcro
216 929 295 994 boun
317 929 372 992 sibi
389 931 469 995 bona
487 952 553 994 esse
572 933 689 995 sentiet
730 931 818 1005 Quod
837 931 861 992 si
877 930 922 992 vir
939 937 1017 992 amat
1035 930 1189 993 mulierem
1209 941 1240 996 ct
1314 984 1318 989 .

127 1015 293 1083 deformem
314 1019 481 1094 formosus,
506 1021 637 1083 iucundo
655 1025 755 1083 autem
777 1038 908 1081 amorem
934 1018 1084 1080 conciliari
1106 1027 1238 1084 constat:

124 1104 251 1169 honesta
279 1124 404 1169 necesse
427 1116 473 1169 est
498 1127 565 1170 esse
584 1109 722 1172 iucunda.
774 1107 826 1169 Sin
849 1114 947 1168 autem
973 1125 1033 1168 non
1055 1105 1145 1173 fucrit
1166 1126 1239 1169 con»

125 1190 260 1257 iunctum
281 1192 313 1259 in
337 1193 443 1256 codem¹
462 1196 621 1258 honestum
643 1204 674 1257 et
690 1195 871 1269 iucundum,
901 1193 966 1254 lieri
991 1212 1063 1255 sane
1084 1202 1184 1274 polest
1205 1203 1239 1257 ut

127 1286 244 1342 ametur
265 1280 356 1344 homo
385 1301 447 1345 non
475 1283 563 1364 plane
588 1284 701 1346 bonum
725 1301 799 1344 ‘nam
820 1280 1034 1344 incontinentia
1055 1282 1181 1344 fortasse
1201 1283 1239 1345 ad

124 1365 216 1429 talem
244 1385 377 1430 amorem
402 1370 559 1451 impellere
585 1377 702 1452 potest:
731 1389 823 1451 quum
850 1368 930 1430 enim
959 1386 1021 1430 non
1048 1368 1238 1432 coniunctum

125 1461 189 1528 est,
210 1455 265 1516 aed
285 1455 418 1519 dissonat
438 1458 469 1519 in
491 1459 644 1521 affectibus
663 1458 776 1520 bonum
801 1464 890 1538 atoue
910 1455 1084 1529 iucundum,
1106 1456 1239 1521 inconti-

78 1557 107 1603 ιο
126 1542 228 1605 nentia
245 1542 350 1606 locum·
373 1544 471 1608 liabet.
518 1546 619 1626 ltaque
638 1545 777 1627 quoniam
798 1543 894 1626 prima
914 1542 1040 1606 amicitia
1062 1542 1169 1607 virtute
1192 1544 1239 1606 ni·

123 1628 214 1704 uun,
240 1629 314 1704 hoa,
343 1632 393 1712 qui
418 1652 483 1697 eam
506 1635 620 1709 colant,
650 1634 733 1716 ipsos
761 1651 879 1713 quoque
900 1631 1035 1693 absolute
1055 1630 1152 1694 bonos
1172 1651 1238 1695 esse
1278 1630 1280 1635 ’

123 1734 250 1780 ιιοθωεο
266 1725 321 1781 cst.
356 1719 420 1783 Non
439 1722 529 1802 igitur
549 1741 595 1795 eo,
614 1720 693 1803 quod
710 1721 765 1782 sibi
782 1720 870 1782 utiles
891 1719 959 1791 sint,
982 1719 1068 1781 amici
1084 1719 1236 1794 exsistant,

122 1803 179 1867 sed
208 1804 267 1866 alio
294 1807 404 1869 modo:
444 1828 513 1873 nam
543 1809 622 1871 aliud
651 1816 697 1870 est
723 1808 771 1880 id,
794 1807 891 1889 'quod
920 1816 1002 1868 certo
1033 1806 1149 1870 cuidam
1178 1809 1236 1868 'ho-

121 1890 197 1953 mini
226 1892 339 1955 bonum
369 1903 428 1971 est,
460 1905 490 1958 et
514 1897 561 1970 id,
597 1897 676 1976 quod
698 1894 833 1957 absolute
862 1894 975 1955 bonum
998 1902 1058 1956 est:
1087 1893 1237 1957 similiter·

123 1997 184 2058 que
206 1987 241 2048 nt
268 1980 299 2041 in
327 1981 407 2057 utili,
446 1985 534 2048 etiam
567 1984 597 2045 in
628 1983 777 2045 habitibus
805 1981 965 2043 moralibus
994 2000 1044 2043 res
1077 2000 1110 2043 se
1139 1983 1237 2044 natet.

103 2060 196 2134 ,Nam
226 2067 306 2129 aliud
336 2077 381 2131 est
407 2071 543 2133 absolute
572 2071 664 2141 utile,
697 2070 776 2131 aliud
804 2068 873 2131 huic
902 2077 984 2129 certo
1010 2068 1123 2132 homini
1148 2069 1237 2131 utile:

122 2154 252 2234 exempli
276 2156 368 2234 gratia
403 2158 489 2221 aliter
517 2159 589 2220 utile
623 2169 665 2219 cst
707 2176 847 2218 exercere
876 2175 1003 2236 eorpus,
1047 2156 1134 2218 aliter
1166 2156 1238 2218 utile

74 2254 104 2299 aa
124 2248 172 2318 cst
199 2241 340 2304 adhibere
370 2248 490 2327 corpori
520 2245 705 2307 medicinam.
759 2245 860 2325 ltaque
892 2244 978 2305 eliam
1006 2243 1127 2306 moralis
1154 2243 1238 2305 habi-

124 2334 173 2389 tus
202 2329 330 2392 hominis
362 2333 474 2414 duplici
490 2332 592 2410 modo
616 2333 696 2394 utilis
724 2341 777 2395 est.
805 2393 808 2397 ,
836 2331 1012 2408 Nominetur
1041 2331 1121 2392 enim
1147 2331 1236 2392 lromo

123 2414 154 2476 in
181 2414 234 2489 iis,
268 2436 342 2497 quae
366 2424 471 2482 natura
502 2416 597 2501 proha
628 2429 728 2481 suntz·
747 2438 816 2481 nam
841 2419 933 2481 virtus
949 2419 1051 2495 eius,
1073 2417 1154 2499 quod
1183 2436 1259 2479 nar

122 2505 190 2564 tura
217 2504 346 2584 probum
373 2516 436 2581 est,
465 2509 600 2570 absolute
613 2508 734 2588 ¹bouum
758 2514 819 2568 est:
852 2506 905 2568 sed
929 2506 1021 2569 virtus
1045 2506 1125 2579 eius,
1157 2504 1236 2586 quod

122 2608 183 2652 non
208 2595 313 2654 naturai
331 2595 461 2673 probum
485 2603 548 2663 est,
577 2596 646 2656 huic
667 2604 748 2656 certo
767 2595 860 2675 ipsius
879 2591 1018 2674 respectu
1037 2594 1149 2656 bonum
1170 2611 1237 2654 esse

122 2685 232 2759 potest
276 2680 337 2741 lam
364 2702 436 2744 nero
465 2682 586 2745 iucundi
616 2702 734 2763 quoque
757 2682 831 2743 ratio
862 2681 965 2744 similis
991 2691 1045 2743 est.
1093 2680 1237 2742 Nimirum
1293 2699 1295 2703 ’

117 2766 179 2844 >hoc
197 2765 266 2827 loco
286 2771 530 2833 commorandum
541 2814 569 2850 ,4
584 2773 613 2830 et
640 2765 841 2851 quaerendum
851 2799 867 2842 ,·
879 2788 963 2830 -num
992 2770 1064 2830 sine
1079 2767 1236 2848 uoluptate

73 2870 104 2915 ao
124 2853 221 2933 possit
243 2873 309 2917 esee
337 2857 480 2932 amicitia,
515 2867 543 2919 et
568 2858 638 2938 quid
665 2857 796 2929 differat,
823 2864 853 2917 et
880 2856 911 2916 in
935 2866 1001 2917 utro
1024 2855 1145 2918 tandem
1167 2855 1237 2916 insit

121 2939 221 3021 ipsum
240 2960 348 3016 amare,
367 2952 398 3006 et
416 2965 487 3007 num
511 2945 576 3026 quis
594 2945 716 3017 idcirco,
736 2945 816 3024 quod
834 2943 933 3005 bonus
955 2943 1002 3015 sit,
1022 2941 1113 3015 amari
1137 2948 1235 3022 queat,

123 3028 239 3090 tametsi
255 3049 319 3092 nou
341 3032 380 3093 sit
401 3033 516 3106 suavis,
545 3041 575 3094 at
595 3052 656 3094 non
677 3040 803 3112 propter
822 3031 880 3091 hoe
901 3029 1000 3109 ipsum
1023 3027 1115 3109 [quod
1139 3027 1237 3089 suavi-

124 3123 182 3177 tate
206 3117 363 3181 destitutus
389 3120 447 3198 sit].
498 3122 596 3194 Quum
621 3119 710 3198 igitur
738 3118 871 3180 bifariam
895 3116 1008 3177 dicatur
1028 3114 1146 3177 amandi
1168 3134 1236 3176 ver·

121 3203 210 3277 bum,
236 3207 389 3286 quaeritur
405 3226 477 3284 num
500 3226 598 3269 amare
620 3215 797 3288 propterea,
829 3204 909 3284 quod
929 3203 1040 3265 bonurn
1064 3202 1120 3276 sit,
1144 3221 1235 3283 quum

121 3297 203 3352 aelus
226 3293 289 3354 eius
317 3302 486 3376 enscratur,
518 3314 580 3357 non
607 3295 671 3355 sine
698 3295 849 3374 voluptate
873 3310 939 3352 esse
961 3291 1104 3352 videatur.
1151 3289 1236 3351 Patet

119 3386 234 3452 autem,
254 3381 336 3443 utin
357 3382 480 3444 scientia
497 3401 592 3444 norae
618 3381 884 3462 contemplationes
906 3386 936 3440 et
952 3377 1110 3450 doctrinae
1128 3396 1235 3439 sensus

73 3477 102 3521 Ἀ
121 3465 249 3528 maxime
267 3460 449 3534 iucunditate
471 3465 668 3550 perfundant,
695 3469 734 3529 ita
755 3468 842 3536 etiam
866 3485 986 3539 eorum,
1011 3480 1138 3552 quorum
1162 3483 1235 3526 con·

119 3554 277 3616 suetudine
297 3556 425 3619 devincti
444 3558 553 3629 simus,
589 3557 769 3636 agnitionem
792 3554 917 3616 maxime
939 3573 1044 3635 parare
1066 3552 1235 3616 iucundita-

119 3648 196 3702 tem:
217 3649 320 3722 eslque
338 3644 491 3726 utriusque
509 3643 583 3706 ratio
604 3645 716 3706 eadem.
762 3643 804 3704 Ac
821 3646 926 3704 natura
944 3641 1063 3723 quidem
1085 3648 1167 3703 certe
1182 3641 1235 3702 ah·

120 3728 217 3790 solute
242 3730 514 3795 honum'absotute
532 3732 713 3804 iucundum,
745 3730 902 3810 atquibus
924 3731 1055 3800 honum,
1078 3728 1124 3790 his
1138 3728 1233 3790 etiam

119 3815 282 3879 iucundum
305 3826 359 3879 est
404 3819 502 3892 Quare
520 3819 623 3880 similia
646 3821 751 3880 natura
772 3820 825 3878 sua
846 3817 978 3896 gaudent
999 3815 1153 3887 similibus,
1177 3817 1233 3876 ho-

117 3903 249 3984 minique
275 3905 522 3968 iucundissimum
550 3908 723 3968 est'homo.
768 3905 855 3978 Quod
884 3924 974 3985 quum
997 3903 1048 3963 fiat
1070 3901 1100 3962 in
1119 3901 1233 3963 naturis

119 3992 313 4072 imperfectis,
336 3993 414 4054 idem
433 3994 465 4056 in
481 3994 595 4055 naturis
614 3993 755 4073 perfectis
778 3992 841 4051 fieri
864 3991 1052 4053 manifestum
1071 3995 1132 4048 est:
1153 3988 1233 4070 atqui

73 4093 102 4139 aa
120 4077 165 4139 vir
184 4080 298 4160 probus
320 4081 471 4162 perfectus
494 4089 548 4142 est
590 4080 677 4154 Quod
700 4080 725 4140 si
755 4087 823 4139 actu
846 4095 945 4139 amare
975 4075 1165 4138 coniunctum
1188 4085 1235 4137 est

118 4185 186 4228 oum
202 4166 354 4248 voluptate
371 4168 496 4230 oriunda
513 4187 549 4229 ex
566 4177 685 4229 mutuae
700 4164 898 4228 inclinationis
914 4163 1092 4243 cognitione,
1109 4170 1235 4244 apparet

119 4253 245 4335 primam
266 4255 422 4318 amicitiam
443 4275 508 4318 esse
528 4255 650 4318 omnino
670 4262 801 4316 mutuam
830 4252 948 4314 reiectis
971 4250 1035 4314 aliis
1057 4249 1234 4314 electionem

118 4348 149 4403 et
163 4340 385 4404 inclinationem
400 4343 536 4408 absolute
552 4344 699 4405 bonorum
720 4349 749 4403 et
764 4340 972 4414 iucundorum,
990 4338 1070 4420 quod
1089 4337 1148 4400 sint
1162 4338 1233 4401 noui

118 4436 150 4491 et
170 4428 301 4497 iucundi.
345 4429 398 4492 Est
416 4438 514 4494 autem
537 4432 612 4493 haec
633 4429 760 4493 amicitia
777 4429 904 4504 habitus,
926 4448 943 4492 a
962 4446 1022 4512 quo
1042 4424 1108 4490 talis
1129 4425 1233 4491 electio
