2776 4836
143 233 221 317 292
659 235 722 309 tt.
755 238 809 309 to.

144 429 264 494 trannin
284 427 365 488 ornni
386 426 516 499 homine,
541 426 590 506 qui
613 445 679 488 esse
701 435 796 488 aetate
819 433 887 507 apta
908 425 1051 499 videatur,
1074 426 1214 487 voluntas
1237 425 1342 486 debbo-
1377 409 1380 424 ¹

231 523 294 578 rata
312 523 365 576 est.
403 514 506 595 Neque
527 514 728 576 enimomnes
752 514 917 576 deliberare
935 532 1033 593 neque
1054 533 1184 587 causam,
1208 532 1263 574 cur
1279 514 1340 592 quid

232 603 356 677 eveniat,
373 602 517 682 suspicari
536 609 672 682 possunt,
693 621 870 683 quamquam
886 603 1008 664 facultas
1028 601 1217 664 existimandi
1238 601 1340 662 faiecn·

232 691 342 754 dumne
367 691 436 771 quid
463 709 559 752 necne
587 690 625 751 sit
651 690 752 751 multis
775 691 874 752 inesse
905 697 1019 770 potest,
1054 710 1147 770 quum
1172 699 1273 751 tamen
1302 689 1340 761 iis,

186 796 214 838 ao
233 799 308 861 quae
324 778 549 841 ratiocinatione
568 778 768 857 reperiuntur,
792 787 920 841 careant.
957 778 1030 840 Nam
1046 779 1240 840 deliberativa
1258 778 1342 837 sacul-

231 876 276 929 tas
296 867 385 928 animi
407 868 480 928 haec
501 875 563 939 est,
595 885 669 947 quae
698 866 854 946 investigat
876 885 1002 928 causam.
1044 865 1164 928 Etenim
1185 867 1236 939 id,
1268 865 1343 926 cuius
1377 920 1380 971 1

230 955 322 1036 g'ratia
350 955 383 1015 fit
404 954 572 1034 quidpiam,
602 973 757 1016 causarum
774 973 833 1016 una
856 964 915 1016 cst:
947 973 1016 1016 nam
1046 974 1142 1035 quare
1163 955 1237 1035 qnid
1264 972 1343 1015 causa

230 1049 292 1107 est:
316 1042 398 1104 cuius
422 1043 514 1121 gratia
535 1048 634 1103 autem
653 1043 700 1104 vel
723 1050 768 1104 est
786 1043 881 1104 vellit
901 1042 1062 1122 quidpiam,
1086 1042 1115 1102 id
1138 1061 1260 1103 causam
1283 1061 1342 1102 esse

231 1130 372 1193 dicimus:
400 1130 528 1210 exempli
549 1129 641 1209 graba
663 1130 753 1191 eundi
775 1149 902 1203 causam,
926 1129 1166 1210 apportationem
1185 1148 1299 1201 rerum,
1321 1130 1342 1190 si

233 1218 298 1298 quis
323 1217 347 1279 it
371 1217 551 1299 apportandi
576 1217 677 1297 gratia
721 1217 823 1297 ltaque
850 1218 957 1298 quibus
979 1237 1089 1299 scopus
1107 1218 1210 1280 nullus
1225 1237 1342 1299 ¹propo-

186 1320 213 1364 ao
231 1306 305 1368 situs
328 1313 390 1379 est,
419 1306 450 1367 bi
479 1305 516 1371 ad
540 1304 764 1367 deliberandum
788 1324 850 1367 non
872 1315 943 1369 sunt
963 1306 1033 1386 apti.
1082 1306 1182 1379 Quare
1210 1306 1343 1386 quoniam
1375 1300 1380 1339 ¹

229 1395 321 1456 homo
342 1395 446 1455 rolens
465 1393 534 1454 lacit
552 1393 598 1453 vel
615 1394 713 1454 facere
736 1393 853 1466 omittit,
874 1394 955 1474 quod
971 1395 1069 1457 facere
1091 1401 1143 1455 aut
1164 1412 1229 1455 non
1252 1395 1343 1454 lacere
1374 1398 1380 1469 j

229 1482 260 1543 in
283 1481 376 1562 ipsius
407 1488 554 1562 potestate
582 1488 644 1554 est,
675 1482 792 1561 quando
824 1482 855 1542 id
877 1481 915 1542 ob
936 1481 1035 1561 ipsum
1064 1489 1094 1545 et
1121 1500 1184 1543 non
1208 1481 1343 1561 ignorans

231 1570 300 1631 lacit
321 1570 368 1630 rel
387 1570 485 1631 lacere
502 1567 624 1630 omittit:
644 1569 735 1631 multa
755 1577 855 1631 autem
871 1569 1015 1631 eiusmodi
1036 1569 1161 1631 facimus
1179 1588 1244 1631 non
1261 1588 1342 1650 prae·

227 1657 360 1719 meditati
383 1673 449 1719 'nec
477 1677 511 1718 re
536 1656 751 1736 praecogitata:
786 1676 911 1719 necesse
944 1665 990 1720 est
1018 1677 1108 1719 omne
1134 1676 1204 1718 cum
1231 1658 1341 1719 delectu

212 1744 319 1814 ,officii
341 1752 461 1826 captum
482 1745 637 1807 consilium
660 1764 725 1806 esse
746 1745 960 1818 voluntarium,
983 1746 1037 1807 sed
1059 1744 1263 1807 voluntarium
1285 1764 1339 1806 non

183 1847 211 1892 sa
230 1832 372 1895 continuo
396 1852 463 1895 esse
484 1833 542 1894 tale
562 1851 629 1894 cum
652 1833 768 1894 delectu
791 1841 911 1914 captum
934 1833 1106 1895 consilium:
1138 1832 1272 1912 itemque
1294 1852 1341 1894 ne·
1364 1798 1380 1915 i

230 1940 314 1982 cesse
336 1929 383 1982 est
404 1920 520 1994 omnia,
551 1939 626 1999 quae
647 1928 734 2000 capto
756 1928 842 1983 antea
865 1940 933 1983 cum
962 1921 1080 1983 delectu
1106 1921 1197 1983 oflicii
1225 1919 1339 1981 consilio
1372 1922 1380 1934 ’

229 2010 316 2081 fiant,
349 2027 415 2069 esse
434 2008 615 2081 voluntaria,
645 2009 698 2070 sed
720 2027 781 2069 non
803 2009 901 2070 omnia
922 2009 1098 2070 voluntaria·
1111 2007 1178 2070 fieri
1200 2027 1237 2070 ex
1262 2016 1338 2088 capto
1363 1968 1366 2065 l

229 2103 316 2159 antea
339 2096 474 2180 consilio.
508 2096 602 2157 Simul
620 2103 718 2158 autem
735 2115 771 2157 ex
786 2096 832 2159 his
856 2096 962 2169 elucet,
984 2105 1068 2160 recte
1084 2115 1137 2158 eos
1155 2096 1339 2167 constituere,
1363 2098 1366 2237 p

228 2184 277 2263 qui
300 2184 330 2244 in
354 2184 469 2264 legibus
490 2183 595 2245 damna
613 2184 721 2264 partim
743 2184 907 2246 voluntaria
929 2184 1036 2264 partim
1057 2182 1258 2247 involuntaria
1282 2203 1338 2245 esse

141 2271 337 2351 roar‚a.partim
361 2272 429 2332 dolo
448 2271 525 2332 malo
547 2271 650 2332 inferri
673 2272 787 2333 dicant:
815 2290 992 2352 quamquam
1014 2271 1093 2334 enim
1116 2291 1179 2334 non
1203 2271 1275 2333 satis
1296 2291 1338 2333 ac·
1364 2240 1367 2329 i

228 2365 329 2421 curate
358 2360 537 2439 loquuntur,
566 2359 713 2436 attingunt
739 2366 838 2423 tamen
860 2359 1013 2425 verinum
1036 2360 1270 2439 quadamtenus:
1291 2378 1338 2439 quo

229 2445 347 2524 quidem
372 2446 409 2506 de
427 2465 460 2506 re
479 2446 555 2506 inira
576 2445 606 2506 in
630 2445 828 2526 disputatione
850 2447 888 2509 de
908 2447 987 2509 iusto
1004 2447 1188 2514 instituenda
1204 2447 1337 2509 dicemus.

228 2533 289 2594 Sed
312 2532 493 2594 voluntatem
520 2532 711 2594 deliberatam
739 2533 913 2614 intelligitur
940 2553 998 2597 nec
1025 2535 1210 2597 voluntatem
1231 2535 1338 2616 simpli·
1367 2569 1370 2588 ι

230 2620 303 2681 citer
326 2639 392 2681 esse
410 2638 468 2681 nec
490 2619 709 2699 opinationem,
739 2623 793 2684 sed
814 2629 872 2684 tam
891 2622 1093 2703 opinationem
1117 2642 1207 2702 quam
1229 2624 1339 2704 appeti-

195 2708 351 2782 ctionem,
371 2726 472 2788 quum,
492 2726 668 2787 praegressa
691 2709 913 2784 deliberatione,
936 2711 966 2772 in
988 2730 1081 2772 unum
1101 2710 1237 2772 coierint

310 2796 457 2870 Quoniam
480 2814 551 2856 vero
574 2797 757 2876 omnesqui
779 2798 952 2871 deliberant,
977 2799 1142 2861 deliberant
1156 2798 1282 2860 alicuius
1303 2798 1338 2859 rei

228 2884 329 2963 gratia,
353 2892 457 2963 estque
480 2903 600 2965 semper
623 2904 732 2966 scopus
752 2885 928 2948 deliberanti
951 2886 1134 2966 propositus
1156 2886 1241 2948 cuius
1263 2886 1339 2966 scopi

225 2980 367 3053 respectu
389 2972 561 3052 speculatur
583 2973 652 3051 quid
677 2973 838 3033 conducat:
872 2974 908 3034 de
931 2974 991 3035 fine
1014 2974 1134 3054 quidem
1156 2992 1249 3035 nemo
1274 2975 1340 3035 deli·

178 3088 199 3133 a
224 3059 327 3134 berat,
351 3061 405 3122 sed
427 3060 474 3121 hic
496 3067 541 3121 est
563 3068 711 3139 tamquam
729 3061 908 3140 principium
928 3068 957 3123 et
978 3058 1168 3141 hypothesis,
1192 3071 1227 3123 ut
1250 3063 1339 3142 hypo·

225 3149 325 3210 theses
356 3149 387 3209 in
413 3147 648 3227 contemplativis
671 3147 819 3208 scientiis:
847 3167 903 3227 qua
934 3149 1052 3229 quidem
1084 3148 1121 3219 de
1144 3168 1179 3210 re
1202 3167 1296 3229 quum
1313 3149 1338 3210 in

181 3244 208 3290 ac
225 3234 309 3296 initio
333 3234 465 3296 breviter
487 3242 548 3295 turn
575 3236 606 3296 in
623 3235 780 3314 Analyticis
800 3255 889 3299 accur
920 3236 1126 3317 eexpositum
1149 3244 1204 3298 est
1245 3238 1289 3298 De
1307 3237 1337 3298 iis
1373 3234 1375 3241 '

225 3341 314 3395 vero,
338 3341 412 3402 quae
432 3322 469 3382 ad
491 3323 582 3385 finem
606 3324 731 3396 ducant,
755 3244 928 3395 deliberoiio
952 3331 982 3386 et
1004 3343 1039 3385 ex
1061 3330 1124 3384 arte
1145 3332 1175 3386 et
1192 3325 1259 3387 sine
1282 3333 1339 3386 arte
1374 3346 1377 3409 t

226 3410 362 3470 omnibus
387 3418 448 3481 est,
478 3410 604 3490 exempli
632 3429 717 3470 causa
743 3430 850 3490 quum,
882 3419 1025 3489 gerantne
1046 3411 1159 3472 bellurn
1183 3432 1254 3474 cum
1277 3414 1339 3484 hoc,

225 3514 331 3569 necne,
356 3497 537 3557 deliberant:
558 3497 642 3577 prius
661 3505 759 3560 autem
783 3499 839 3560 erit
857 3500 897 3573 id,
917 3507 1044 3579 propter
1066 3499 1146 3578 quod
1165 3501 1280 3580 aliquid
1303 3502 1339 3571 nt,

181 3597 207 3638 15
224 3583 282 3642 hoc
302 3591 347 3644 est
363 3584 440 3655 linis,
467 3585 593 3663 exempli
617 3585 708 3664 gratia
732 3585 847 3647 divitiae
871 3588 918 3648 vel
940 3588 1077 3666 voluptas
1096 3587 1144 3647 vel
1163 3588 1246 3650 aliud
1267 3589 1342 3667 quod

224 3687 280 3748 pro
303 3670 362 3730 tine
392 3678 445 3730 est.
487 3671 636 3733 Deliberat
659 3673 755 3746 enim,
787 3674 955 3754 quicunque
979 3674 1141 3748 deliberat,
1165 3694 1240 3737 num
1263 3685 1341 3738 recte

222 3775 288 3817 rem
312 3757 440 3837 ceperit,
472 3766 522 3818 aut
543 3767 576 3818 ut
596 3760 635 3832 id,
660 3762 739 3838 quod
762 3762 799 3821 ad
821 3763 912 3839 tinem
933 3763 1035 3835 ducat,
1058 3763 1095 3824 ad
1118 3782 1187 3824 sese
1208 3771 1340 3836 revocet,
1378 3756 1380 3839 l

223 3852 274 3905 aut
294 3865 366 3905 num
388 3845 481 3925 possit
508 3847 574 3926 ipse
598 3867 648 3919 ea,
679 3868 753 3928 quae
772 3849 881 3911 ducant
900 3851 936 3910 ad
957 3849 1067 3923 finem,
1089 3851 1218 3912 efficere.
1263 3851 1341 3913 Finis

223 3942 321 3994 autem
340 3935 445 3993 naturai
464 3933 583 4013 quidem
605 3954 724 4015 sernper
746 3937 858 3998 bonum
879 3946 933 4010 est,
953 3947 989 3999 et
1011 3938 1041 3999 id
1066 3939 1102 4000 de
1126 3957 1185 4017 quo
1209 3939 1341 4019 singilla-

178 4034 205 4077 πο
224 4021 275 4081 tim
303 4021 499 4094 deliberatur,
531 4030 563 4082 ut
582 4043 671 4101 quum
693 4024 825 4085 medicus
847 4026 884 4085 de
905 4026 1038 4087 remedio
1061 4025 1251 4101 adhibendo,
1286 4028 1340 4088 dux
1378 4046 1380 4073 ³

223 4110 259 4170 de
280 4108 382 4170 castris
400 4109 545 4170 metandis
564 4111 723 4171 deliberat:
743 4111 848 4190 quibus
870 4113 937 4174 finis
957 4113 1102 4192 optimum
1119 4113 1260 4177 absolute
1281 4125 1341 4177 est:

222 4204 324 4257 contra
353 4205 488 4258 naturam
514 4217 584 4258 vero
616 4206 646 4259 et
673 4217 708 4258 ex
730 4200 924 4278 perversitate
946 4201 1013 4261 finis
1035 4220 1097 4263 non
1120 4221 1193 4264 vere
1215 4203 1340 4275 bonum,

221 4285 275 4345 sed
292 4284 406 4345 bonurn
428 4284 632 4364 imaginarium
652 4294 705 4346 est.
755 4285 846 4348 Causa
864 4297 963 4350 autern
984 4290 1059 4351 haec
1082 4296 1145 4362 est,
1169 4292 1254 4370 quod
1278 4291 1341 4372 qui·

219 4369 346 4431 busdam
368 4372 484 4432 entibus
507 4391 567 4433 non
592 4372 661 4433 licet
679 4373 722 4434 uti
740 4374 776 4434 ad
798 4375 886 4448 aliud,
909 4376 965 4437 nisi
986 4377 1023 4438 ad
1039 4375 1079 4450 id,
1101 4377 1140 4438 ad
1163 4380 1249 4459 quod
1273 4386 1342 4441 sunt

220 4464 306 4532 nata,
330 4458 457 4538 exempli
479 4459 569 4537 gratia
588 4457 641 4545 ils,
672 4479 748 4542 quae
768 4469 838 4526 sunt
858 4470 926 4527 nata
947 4463 985 4527 ad
1000 4462 1236 4579 risu233=(tpcquc
1259 4467 1338 4532 enim

1018 4582 1147 4681 lintri
