2776 4836
88 212 168 293 aas
389 324 394 333 ⁵
639 209 747 286 us.

90 418 176 471 ints.
264 402 326 466 liae
345 414 416 465 sunt
437 404 526 483 igitur
548 402 747 464 dubitationes
769 401 807 462 de
825 400 1010 463 continente
1039 410 1073 464 et
1093 402 1267 473 incontinenti,
1302 446 1329 494 m

178 510 250 555 num
267 492 293 552 ri
309 501 427 553 coaetus
443 500 509 570 agat
529 498 580 550 aut
594 498 720 570 uterque
739 496 789 549 aut
806 488 964 560 alteruter,
989 496 1028 551 ut
1046 498 1099 553 aut
1122 509 1184 554 non
1196 500 1268 571 sponte

177 588 227 641 aut
248 579 337 640 simul
357 580 383 639 ri
407 588 527 639 coaetus
545 595 579 638 ae
596 585 695 637 tamen
713 582 821 656 sponte
839 584 917 655 agat,
940 576 968 637 si
990 596 1072 639 vero
1089 580 1137 642 via
1151 577 1222 639 illata
1233 597 1269 639 nu
1288 640 1291 649 ,
1325 620 1330 662 ,

90 666 374 735 amai-oluntarium
397 666 453 737 sit,
480 673 589 745 sponte
615 663 703 724 simul
730 661 899 743 inritusque
929 671 1012 743 agat.
1074 665 1191 739 Quibus
1216 665 1293 729 dubii

176 752 337 816 tationibus
358 772 417 833 quo
440 762 527 832 paeto
547 751 765 813 occurrendum
782 749 831 823 sit,
850 768 886 813 ex
902 750 963 823 bis,
982 770 1069 831 quae
1088 752 1271 825 diximusne

176 861 193 902 a
237 848 310 901 aret.

194 860 235 921 pp
262 926 370 987 l'erum
392 926 531 987 dicemur
550 924 687 986 homines
704 925 791 986 etiam
813 924 871 986 alio
893 926 989 988 modo
1014 925 1048 987 vi
1072 926 1274 1007 compulsione

177 1014 275 1094 otique
297 1032 395 1091 agere,
415 1031 476 1073 non
495 1012 690 1073 dissentiente
712 1011 826 1072 ratione
846 1019 876 1073 et
899 1012 1085 1093 cupiditate,
1109 1014 1224 1095 quando
1236 1015 1276 1075 sd·

177 1102 248 1162 lieet
274 1099 304 1161 id
330 1100 456 1170 iaciunt,
488 1098 569 1178 quod
595 1106 625 1160 et
647 1118 716 1160 eum
740 1097 876 1160 molestia
897 1099 1106 1163 coniunctum
1130 1110 1162 1164 et
1182 1120 1276 1183 prason

144 1202 245 1249 sesso
271 1187 418 1250 iudicant.
450 1204 510 1266 quo
540 1194 640 1247 tamen
669 1204 731 1247 uon
757 1186 835 1247 tacto
866 1186 996 1249 verbera
1027 1189 1082 1250 rel
1112 1188 1227 1251 sineula
1247 1189 1277 1249 rel

176 1284 289 1338 mortes
319 1280 549 1354 consequantur.
603 1272 685 1333 Talia
711 1272 790 1334 euim
819 1273 957 1336 homines
983 1293 1019 1337 se
1049 1284 1176 1339 coactos
1200 1230 1299 1339 iecissel

178 1363 290 1424 dieunt.
338 1364 382 1423 An
406 1379 467 1422 non
492 1360 532 1421 ita
561 1355 625 1421 sit?
654 1378 689 1421 ac
716 1359 817 1439 potius
847 1361 985 1423 volentes
1011 1362 1098 1425 haec
1131 1382 1185 1427 eos
1206 1364 1279 1425 lacere

176 1449 359 1512 censendum
385 1443 447 1509 sit?
480 1446 553 1508 Nam
576 1453 705 1526 possunt
723 1447 779 1508 ista
805 1465 867 1510 non
893 1450 994 1511 tacere
1016 1456 1119 1531 atque
1137 1452 1281 1515 incommo

176 1536 248 1599 dum
269 1536 342 1597 illud
365 1536 412 1597 rel
437 1533 604 1615 perieulum
631 1534 723 1614 [quod
747 1534 782 1595 iis
802 1534 1007 1615 denuntiatur]
1030 1539 1189 1617 perterre.
1225 1537 1281 1599 For·

175 1632 254 1686 tasse
282 1623 373 1702 igitur
403 1622 510 1684 horum
539 1621 595 1682 alia
624 1621 730 1683 dixerit
759 1621 907 1703 quispiam
931 1623 1128 1701 voluntaria,
1163 1626 1219 1688 alia
1237 1644 1282 1687 non

175 1712 256 1773 item.
296 1710 499 1788 Quaecunque
521 1708 601 1770 enim
623 1708 654 1769 in
678 1708 772 1789 ipsius
796 1717 945 1789 potestate
966 1720 1040 1775 sunt
1066 1722 1106 1775 ut
1137 1732 1201 1776 non
1220 1713 1282 1783 baut

132 1815 269 1880 loquum
292 1797 356 1859 lieri
379 1795 501 1858 omnino
524 1814 585 1857 uon
612 1795 738 1867 debent,
761 1796 852 1870 baec,
876 1816 967 1878 quum
994 1798 1089 1872 lecit,
1123 1819 1283 1881 quamquam

176 1886 283 1948 nolens
305 1885 390 1957 lecit,
422 1890 531 1963 sponte
554 1890 654 1944 tannen
677 1882 747 1944 lecit
765 1901 801 1945 ac
821 1902 883 1946 non
905 1884 932 1946 vi
956 1894 1104 1949 coactus:
1132 1906 1284 1968 quaerero

176 1992 238 2036 non
260 1972 375 2034 suntin
397 1971 492 2053 ipsius
513 1977 671 2051 potestate,
688 1970 763 2032 baec
783 1970 812 2031 vi
833 1980 959 2051 cogente
980 1973 1225 2054 quodammodo,
1245 1992 1285 2036 ne

177 2079 235 2141 que
259 2068 356 2121 tamen
379 2059 407 2120 vi
431 2067 557 2136 cogente
578 2056 715 2120 absolute
742 2057 807 2119 lieri
836 2058 994 2134 dicuntur,
1026 2069 1202 2143 propterea
1221 2061 1286 2142 quod

175 2166 237 2210 non
256 2147 286 2208 id
309 2147 408 2227 ipsum
434 2145 583 2225 agendum
608 2144 667 2207 sibi
687 2144 831 2224 proponit
850 2146 931 2227 quod
952 2148 1031 2227 agit,
1061 2149 1123 2211 sed
1145 2150 1178 2211 id
1202 2149 1286 2230 potios

174 2234 258 2297 cuius
284 2234 377 2312 gratia
404 2233 479 2311 agit:
507 2250 577 2293 nam
599 2231 631 2292 in
659 2230 706 2293 his
729 2250 848 2311 quoque
879 2234 1026 2314 quaedam
1049 2234 1227 2299 differentia
1244 2244 1287 2298 est

174 2321 247 2382 Nam
266 2320 290 2381 si
314 2320 389 2401 quis,
411 2328 445 2381 ut
468 2318 641 2381 titillationis
660 2318 884 2382 incommodum
905 2321 1004 2395 evitet,
1028 2322 1207 2397 interliciat,
1228 2323 1287 2385 n'di·

132 2423 159 2468 1⁵
178 2407 262 2471 culus
286 2407 339 2479 sit,
367 2407 392 2467 si
414 2407 494 2468 sevi
525 2407 662 2469 adactum
692 2413 723 2468 et
745 2414 880 2469 coactum
901 2407 1091 2471 interfecisse
1118 2410 1216 2473 dicat:
1245 2409 1288 2472 sed
1313 2398 1319 2513 Ι

176 2494 270 2559 maius
289 2494 400 2556 malum
419 2492 616 2572 acerbiusque
638 2512 705 2555 esse
724 2493 823 2567 debet,
842 2495 923 2574 quod
944 2497 981 2571 ei,
1002 2496 1061 2559 nisi
1082 2497 1207 2561 lacinus
1229 2517 1288 2578 per·

176 2588 290 2664 patret,
314 2582 389 2643 alter
411 2580 571 2643 minitetur.
613 2580 656 2642 lta
676 2580 754 2642 enim
776 2589 896 2644 coactus
915 2591 946 2645 et
966 2584 995 2645 vi
1016 2584 1147 2653 adactus
1170 2584 1220 2647 rel
1237 2603 1288 2646 noo

174 2689 210 2732 ex
231 2676 337 2732 natura
363 2667 465 2739 saciet,
500 2667 525 2728 si
547 2668 658 2730 malms
681 2667 795 2730 lacinus
819 2669 942 2734 alicuius
968 2670 1041 2734 boui
1065 2690 1161 2733 causa
1187 2672 1237 2734 rel
1256 2672 1288 2732 ob

176 2756 295 2819 maioris
315 2754 383 2816 mali
411 2754 615 2834 repulsionem
638 2754 818 2829 committet,
844 2764 875 2818 et
892 2757 1000 2821 invitus
1021 2757 1168 2837 quidem:
1198 2776 1290 2838 neque
1317 2746 1324 2835 l

176 2844 255 2907 enim
279 2842 426 2923 exipsius
447 2841 569 2904 arbitrio
592 2845 666 2905 haec
686 2862 833 2923 suspensa
855 2853 934 2907 sunt
973 2845 1149 2926 Eapropter
1165 2851 1196 2908 et
1215 2865 1291 2908 amo·

131 2946 160 2990 no
177 2952 243 2996 rem
264 2931 350 2994 multi
373 2937 404 2993 et
424 2929 485 2992 irae
505 2930 651 3010 quaedam
677 2948 787 3009 genera
813 2938 844 2993 et
864 2932 1011 2995 desideria
1032 2933 1187 3012 quaedam
1208 2941 1290 2996 natu·

175 3020 247 3084 ralia
274 3019 376 3082 dicunt
399 3036 546 3079 essenon
579 3017 760 3090 voluntaria,
791 3017 858 3097 quia
885 3019 913 3081 vi
939 3019 1169 3101 praepolleant,
1199 3020 1290 3101 iisque

175 3116 281 3172 natura
301 3108 429 3170 bumana
447 3105 571 3167 interior
593 3103 645 3166 sit:
679 3104 786 3184 quibus
808 3105 924 3168 veniam
943 3108 1064 3180 damus,
1095 3107 1171 3186 quia
1188 3116 1289 3171 natrna
1320 3146 1324 3225 Ι

176 3214 230 3259 sua
250 3196 397 3258 humanae
419 3201 541 3255 naturae
562 3192 620 3261 vim
644 3191 755 3254 inferre
779 3191 926 3257 videntur.
972 3194 1015 3257 do
1032 3192 1130 3273 magis
1153 3193 1288 3257 etiamsi

177 3291 296 3346 coactus
320 3292 347 3344 et
370 3280 480 3344 invitus
507 3282 606 3343 tacere
632 3279 782 3353 videatur,
814 3281 895 3361 quod
923 3281 992 3345 lacit
1021 3300 1060 3343 ne
1083 3280 1288 3345 vehementius
1321 3306 1325 3383 Ι

176 3372 284 3442 doleat,
306 3388 393 3450 quam
415 3369 495 3450 quod
517 3368 587 3430 lacit
606 3368 765 3431 celeriter
785 3367 899 3431 doleat:
917 3368 1068 3449 magisque
1086 3368 1189 3442 etiam,
1212 3368 1289 3449 quod
1322 3434 1326 3447 ¹

131 3474 159 3518 aa
177 3458 246 3520 lacit
267 3476 306 3519 ne
325 3457 424 3519 doleat
445 3455 577 3529 omnino,
600 3475 689 3535 quam
712 3455 792 3537 quod
810 3454 879 3517 lacit
897 3464 931 3518 ut
950 3456 1084 3536 gaudeat
1122 3454 1201 3518 Nam
1218 3454 1289 3518 illud
1321 3466 1324 3519 !

175 3549 208 3606 in
226 3554 368 3623 potestate
396 3548 505 3623 ipstits,
537 3544 617 3622 quod
641 3551 730 3622 caput
755 3542 798 3605 rei
820 3551 881 3615 est,
907 3546 965 3607 boc
985 3551 1047 3615 ost,
1079 3542 1164 3622 quod
1186 3550 1289 3605 natura

174 3629 303 3693 bominis
319 3637 419 3709 potest
437 3631 531 3690 terre:
554 3628 634 3708 quod
651 3638 748 3692 autem
768 3632 847 3693 terre
865 3638 970 3695 natura
991 3628 1120 3693 hominis
1138 3647 1204 3692 non
1223 3637 1289 3710 pot·
1323 3640 1325 3691 ἷ

176 3723 222 3779 est
244 3716 383 3795 quodque
408 3735 469 3777 non
496 3722 542 3776 est
563 3715 705 3776 naturalis
738 3718 906 3798 cupiditatis
928 3727 979 3782 aut
1004 3715 1127 3780 rationis
1149 3716 1288 3787 hominis,

175 3807 234 3868 hoc
252 3822 312 3864 non
336 3810 382 3864 est
406 3803 437 3866 in
459 3808 607 3884 potestate
628 3801 731 3881 ipsius
777 3805 861 3868 Hane
879 3808 917 3868 ob
940 3824 1057 3869 causam
1079 3822 1119 3866 ne
1143 3803 1288 3866 fanaticos

175 3891 295 3974 quidem
318 3910 352 3953 ao
378 3890 583 3960 vaticinantes,
613 3890 746 3967 quamvis
768 3893 876 3955 mentis
906 3913 982 3976 opus
1005 3890 1145 3956 exhibere
1168 3890 1289 3954 ridean-

175 3990 234 4054 tur,
255 3998 348 4062 penes
371 3999 438 4042 sese
461 3997 527 4040 esse
551 3976 688 4049 dicimus,
712 3997 809 4058 neque
833 3980 957 4053 dixisse,
980 3999 1056 4061 quae
1075 3976 1217 4051 dixerim,
1234 3998 1289 4043 nec
1323 4016 1329 4111 q

131 4083 159 4128 ao
178 4069 293 4140 iecisse,
313 4086 388 4148 quae
407 4067 540 4129 iecerint.
575 4065 617 4127 dc
639 4083 678 4126 ne
701 4082 753 4126 eos
772 4065 892 4145 quidem
915 4088 1030 4141 omnes,
1053 4064 1103 4146 qui
1126 4066 1287 4149 cupiditate
1326 4140 1329 4153 1

176 4156 292 4239 abrepti
313 4154 422 4235 aliquid
443 4156 596 4225 lecerunt,
628 4157 737 4232 sponte
755 4153 860 4216 iecisse
884 4154 1043 4218 dicendum
1066 4159 1121 4215 est.
1158 4152 1240 4234 Ergo
1262 4161 1289 4215 et

177 4243 369 4325 cogitationes
389 4243 533 4323 quaedam
553 4248 582 4301 et
598 4237 753 4323 passiones
776 4241 821 4302 vel
839 4243 970 4305 actiones
989 4243 1025 4304 ab
1045 4240 1193 4303 eiusmodi
1211 4239 1288 4321 cogi·
1326 4240 1330 4299 Ε

176 4332 337 4394 talionibus
361 4336 391 4390 et
411 4328 575 4392 rationibus
595 4327 747 4409 protectae
770 4346 830 4391 non
852 4338 923 4392 sunt
948 4332 979 4393 in
1000 4335 1151 4412 potestate
1168 4337 1287 4392 nostra:

175 4420 229 4486 sed
251 4438 308 4484 usu
331 4415 412 4478 veuit
431 4415 461 4478 id
486 4416 565 4500 quod
592 4415 631 4476 ait
651 4412 819 4492 Philolaus,
845 4437 911 4482 esse
934 4418 1076 4504 quasdam
1096 4415 1289 4501 cogitationes
1328 4445 1330 4455 ¹

1312 1058 1330 1101 tn
