2776 4836
473 176 476 180 ’
575 209 651 283 vu.
683 210 739 300 ro.
1006 256 1008 261 -
1180 209 1257 296 327

63 399 275 473 maneribus,
301 399 466 461 abscedunt.
510 402 567 475 Qui
590 420 660 462 vero
683 403 722 463 ob
745 402 899 463 utilitatem
922 404 1007 465 amici
1031 413 1118 477 sunt,
1146 405 1176 466 bi
1195 425 1256 468 non

102 505 119 548 a
143 487 315 565 evestigio,
338 487 532 568 simulatque
554 489 716 551 collibitum
738 497 792 562 est,
817 490 970 552 discedere
987 500 1123 571 possunt,
1147 493 1256 555 nisiex

140 575 209 652 lege
238 583 327 654 atque
349 572 406 647 ita,
439 584 470 636 nt
493 595 563 645 eos,
594 577 643 655 qui
666 577 808 638 sodalicio
834 578 984 639 consortio
1008 578 1157 640 coniuncti
1177 590 1256 654 sum,

139 662 236 733 decet,
260 662 472 724 commercium
494 664 660 725 habuerint.
703 664 761 725 Sed
785 665 833 724 illa
852 665 932 725 utilis
948 665 1082 739 amicitia,
1100 685 1175 744 quae
1190 669 1256 746 lege

139 748 260 821 nititur,
293 749 546 812 criminationibus
571 770 631 812 non
658 761 704 812 est
727 752 864 812 obnoxia.
904 753 1006 834 ,Atque
1028 753 1058 814 in
1083 754 1170 831 legali
1191 755 1256 833 qui-

140 837 208 897 dem
235 834 360 898 amicitia
387 856 436 897 res
459 837 585 917 pecunia
613 839 758 899 deciditur
782 836 867 917 (nam
890 840 1015 917 pecunia
1044 841 1082 901 ad
1101 841 1256 920 aequabile

140 924 323 985 metiendum
338 925 524 1005 adhibetur):
548 934 650 986 eontm
662 927 692 986 in
706 927 809 987 morali
824 925 950 987 amicitia
966 946 1015 988 res
1026 927 1120 989 libero
1135 928 1255 989 arbitrio

143 1011 334 1091 permittitur.
368 1012 470 1092 ltaque
487 1013 516 1073 in
533 1013 708 1093 quibusdam
727 1013 892 1075 civitatibus
914 1022 993 1075 vetat
1008 1014 1065 1088 lex,
1082 1015 1126 1087 iis,
1146 1015 1195 1094 qui
1216 1016 1255 1076 ita

90 1114 119 1157 ro
142 1099 236 1160 amice
257 1099 431 1160 societatem
455 1101 596 1171 coierint,
628 1101 759 1162 actiones
785 1109 991 1163 contractuum
1021 1103 1256 1163 voluntariorum

142 1186 221 1247 dari:
253 1207 287 1247 ac
316 1196 415 1248 recte:
444 1206 512 1249 nam
532 1187 604 1248 boni
625 1189 679 1249 viri
705 1206 766 1249 non
793 1195 883 1267 egent
904 1189 968 1249 iure
994 1204 1029 1250 aa
1049 1190 1180 1268 legibus:
1213 1190 1255 1250 illi

141 1281 239 1335 autem
271 1283 417 1353 tamquam
451 1275 503 1335 viri
532 1275 603 1336 honi
636 1295 671 1337 aa
704 1277 821 1356 probati
849 1276 1000 1354 negotium
1034 1285 1255 1338 contraxerunt.

142 1361 251 1422 Verum
270 1361 300 1422 in
321 1363 376 1422 bac
398 1363 525 1422 amicitia
549 1362 770 1424 criminationes
788 1364 936 1444 utrimque
960 1363 1065 1424 dubiae
1087 1373 1174 1438 sunt,
1201 1384 1256 1425 ne-

141 1468 200 1528 que
219 1449 331 1528 liquido
348 1457 483 1529 apparat,
507 1466 566 1530 quo
582 1449 647 1511 iure
664 1461 788 1529 uterque
809 1451 991 1523 criminetur,
1013 1469 1104 1531 quum
1122 1451 1256 1513 morilms

140 1537 218 1607 heti,
242 1554 304 1596 non
324 1537 440 1614 legibus
462 1537 565 1610 innixi,
587 1537 676 1598 fldem
697 1539 879 1600 habuerunt:
902 1546 990 1619 atque
1012 1539 1181 1616 ambiguum
1201 1540 1266 1612 est,

89 1638 120 1683 aa
142 1624 293 1704 quomodo
315 1624 426 1685 arbiter
444 1625 539 1686 iustos
562 1624 706 1687 eiusmodi
732 1625 813 1687 litem
837 1625 975 1687 dirimere
1005 1626 1129 1699 elcbeat,
1156 1634 1254 1687 utrum

141 1711 334 1772 considerare
359 1712 466 1773 debeat
487 1731 552 1774 rem
579 1712 615 1773 ab
639 1713 732 1773 altero
754 1712 965 1786 ministratam,
997 1720 1105 1793 quanta
1131 1733 1164 1774 ea
1187 1714 1254 1794 [pro

141 1798 326 1860 facultatibus
342 1799 447 1872 huius,
480 1800 530 1880 qni
552 1818 617 1861 eam
638 1799 751 1878 tribuit]
778 1801 881 1872 luerit,
912 1819 949 1860 an
972 1804 1115 1880 quaerere
1139 1800 1254 1871 debeat,

141 1887 235 1967 qualis
257 1887 331 1948 haec
353 1905 402 1947 res
422 1886 585 1948 ministrata
607 1887 708 1959 alteri,
737 1888 784 1948 cul
809 1887 973 1948 ministrata
1002 1894 1063 1958 est,
1094 1887 1183 1948 luerit
1209 1888 1254 1948 vel

142 1975 202 2035 visa
225 1974 272 2034 sit.
307 1974 379 2034 Nam
403 1982 503 2054 potest
521 1993 576 2035 usu
600 1974 711 2046 venire,
735 1976 814 2055 qnod
839 1974 988 2053 Theognis
1008 1973 1093 2034 dicit:

280 2060 360 2132 „llas
382 2062 455 2122 mibi
475 2080 594 2141 anagnu,
618 2062 684 2124 licet
704 2067 743 2123 eit
764 2064 818 2136 nbi
834 2080 942 2141 paruo,
967 2063 1064 2122 dea“:

88 2165 122 2208 ao
140 2147 196 2209 sed
213 2156 314 2227 potest
331 2149 418 2210 etiam
442 2149 623 2209 contrarium
646 2167 701 2209 usn
724 2149 835 2222 venire,
859 2157 891 2209 ut
913 2148 998 2209 alteri
1017 2167 1066 2209 res
1084 2148 1133 2208 illa
1156 2148 1254 2220 ludos,

141 2235 226 2295 alteri
251 2254 332 2296 mors
358 2236 405 2296 sit.
449 2233 526 2297 Hinc
546 2243 644 2296 autem
667 2237 789 2297 veniunt
812 2236 1042 2298 criminationes.
1086 2235 1159 2319 Nam
1181 2236 1256 2296 alter

139 2322 318 2384 beneficium
341 2324 387 2384 vel
409 2324 573 2403 praemium
593 2324 711 2402 repetit,
736 2325 818 2403 quasi
840 2342 948 2402 magno
967 2342 983 2384 a
1000 2341 1033 2383 se
1050 2322 1147 2383 elfino
1166 2342 1255 2402 prae-

141 2410 228 2471 stito:
261 2412 380 2488 „egenti
404 2431 436 2472 se
457 2429 492 2470 ac
509 2411 622 2489 petenti
643 2419 763 2490 praesto
786 2412 907 2483 luisse“,
936 2419 966 2471 et
988 2419 1152 2489 quaesunt
1172 2410 1255 2470 simi-

141 2498 195 2559 lia:
223 2498 377 2577 idemque,
402 2499 470 2558 dum
496 2507 724 2572 commemorat,
755 2507 897 2576 quantum
922 2499 959 2558 ad
981 2497 1102 2558 alterius
1121 2516 1254 2558 commo-

142 2584 213 2646 dum
236 2585 383 2658 attulerit,
409 2586 531 2657 reticet,
562 2593 703 2664 quantum
731 2585 786 2646 sibi
814 2585 887 2646 illud
911 2585 1040 2645 officium
1057 2585 1147 2645 luerit
1175 2586 1254 2661 [raam

142 2672 200 2752 ipsi
222 2692 279 2752 pro
298 2673 359 2733 suis
380 2673 566 2733 facultatibus
587 2673 713 2734 tortasse
734 2674 800 2733 leve
824 2692 859 2734 ac
877 2673 965 2733 ludus
982 2670 1063 2749 min:
1087 2673 1161 2731 alter
1183 2691 1254 2732 vero

144 2767 258 2821 tantum
274 2759 328 2820 sibi
349 2761 448 2820 datum
473 2779 539 2820 esse
559 2760 644 2832 dicit,
673 2769 813 2841 qnantum
839 2762 965 2820 tortasse
981 2759 1095 2819 auctori
1117 2758 1254 2818 beneficii

142 2847 213 2908 sads
235 2847 329 2908 visum
350 2848 404 2920 sit,
427 2848 481 2908 sed
500 2865 560 2907 non
583 2855 725 2926 quantum
743 2847 797 2907 sibi
818 2847 888 2906 satis
907 2846 1005 2906 luerit.
1043 2841 1145 2918 Quid?
1174 2845 1254 2924 qood

95 2951 126 2992 aa
145 2935 295 2996 interdum
312 2935 400 2996 etiam
421 2936 456 3007 is,
476 2934 525 3014 qui
541 2935 664 3014 accepit,
688 2952 752 2995 rem
774 2934 804 2992 in
827 2933 1040 2994 dubitationem
1061 2939 1163 2991 vocat:
1186 2951 1254 2991 nam

142 3023 206 3094 hic,
238 3024 323 3101 qoam
348 3022 485 3100 exiguum
506 3039 616 3082 monus
637 3021 804 3100 acceperit,
827 3026 1056 3090 commemorat,
1076 3017 1148 3079 dum
1169 3018 1253 3089 alter,

142 3109 192 3188 qui
211 3109 308 3181 dedit,
328 3109 528 3182 demonstrat,
554 3116 664 3188 quanto
685 3108 855 3169 adiumento
879 3106 983 3167 luerit:
1015 3104 1144 3184 exempli
1167 3123 1254 3165 causa

143 3197 167 3257 si
194 3212 283 3276 quem
314 3196 345 3256 iu
373 3196 507 3276 periculo
535 3196 633 3274 aliquo
658 3196 849 3256 constitutum
875 3212 924 3254 res
951 3194 1108 3254 drachmae
1134 3191 1254 3265 adiuvit,

141 3284 216 3344 altar
241 3283 365 3362 periculi
388 3282 637 3362 magnitudinem,
669 3283 744 3344 altar
762 3281 994 3360 magnitudinem
1017 3278 1161 3359 pecuniae
1183 3298 1255 3360 pre·

144 3371 213 3442 ruit,
245 3371 389 3450 planant
413 3371 444 3431 in
467 3370 706 3431 remuneratione
732 3368 876 3450 pecuniae
904 3369 969 3428 fieri
991 3367 1078 3427 solet
1120 3367 1193 3427 Nam
1213 3366 1254 3428 ibi

94 3475 124 3520 ao
144 3477 262 3539 quoque
282 3459 319 3518 dc
338 3457 383 3519 his
403 3457 604 3518 controversia
627 3466 687 3518 est:
709 3459 783 3518 alter
804 3456 970 3535 pecuniam,
988 3462 1022 3514 ut
1038 3461 1110 3514 tunc
1126 3473 1175 3514 res
1191 3453 1254 3526 luit,

142 3542 226 3617 alter,
249 3553 281 3606 ut
301 3562 381 3606 nunc
398 3555 452 3617 est,
475 3545 624 3605 aestimat:
648 3546 726 3625 quod
750 3543 870 3616 tadum,
893 3542 950 3604 uisi
968 3541 1155 3603 anteainter
1172 3542 1254 3621 ipsos

143 3633 290 3693 convenit.
337 3633 438 3712 ltaque
468 3632 559 3693 civilis
581 3631 706 3692 amicitia
736 3631 772 3691 ad
797 3624 916 3711 pactum
939 3637 1055 3710 spectat
1081 3637 1112 3690 et
1131 3629 1168 3690 ad
1190 3647 1255 3689 rem

143 3719 352 3781 ministratam:
387 3719 507 3779 moralis
533 3719 715 3781 voluntatem
742 3728 772 3779 et
798 3718 954 3779 consilium
976 3718 1117 3780 intuetur.
1157 3717 1255 3789 Quare

145 3807 279 3868 homines
304 3807 399 3866 iustos
431 3806 523 3884 magis
553 3807 640 3867 decet
669 3808 742 3868 ratio
776 3806 943 3884 posterior,
977 3806 1125 3884 habetque
1147 3801 1255 3863 iustitia

143 3893 350 3972 cognationem
373 3912 440 3954 cum
463 3893 598 3953 amicitia.
642 3894 700 3955 Sed
726 3911 811 3952 causa
827 3893 955 3953 rixarum
977 3892 1008 3952 in
1031 3909 1067 3951 eo
1086 3889 1182 3970 posita
1200 3895 1254 3959 est,

95 3997 125 4040 aa
145 3979 224 4061 quod
247 3981 400 4042 honestior
428 3980 547 4059 quidem
577 3980 696 4041 moralis
722 3977 863 4050 amicitia,
892 3978 946 4039 aad
974 3977 1068 4055 magis
1088 3975 1256 4038 necessaria

143 4066 269 4128 amicitia
290 4067 370 4129 utilis
393 4075 446 4127 est.
498 4065 607 4127 Verum
631 4067 678 4126 isti
704 4074 852 4144 tamquam
873 4064 1001 4126 morales
1023 4062 1109 4124 amici
1130 4069 1161 4122 et
1180 4069 1256 4122 tam-

144 4171 231 4234 quam
250 4162 376 4234 propter
394 4155 530 4216 virtutem
552 4161 685 4214 amantes
707 4151 862 4212 amicitiam
884 4150 1046 4230 incipiunt:
1073 4166 1164 4229 quum
1184 4168 1255 4209 vero

143 4240 254 4321 aliquid
285 4259 386 4304 rerum
416 4258 536 4301 suarum
566 4249 669 4320 aparte
699 4238 760 4318 peti
788 4236 906 4310 vident,
939 4246 1001 4298 tum
1031 4235 1204 4316 aperiuntur
1227 4243 1258 4296 et

143 4329 278 4409 ipsomm
302 4329 388 4391 nam
410 4338 541 4389 mentem
564 4327 655 4388 luisse
676 4324 858 4403 intelligitur.
900 4324 974 4386 Nam
997 4323 1132 4406 plerique
1148 4331 1183 4384 ut
1199 4324 1255 4384 ho-

143 4422 280 4487 nestum,
308 4415 348 4477 ita
376 4414 463 4477 etiam
485 4414 642 4477 amicitiam
667 4416 823 4477 honestam
846 4420 995 4492 tamquam
1023 4427 1088 4474 rem
1112 4427 1256 4492 superva-
