<?xml version="1.0" encoding="UTF-8"?>
<!DOCTYPE html PUBLIC "-//W3C//DTD XHTML 1.0 Transitional//EN"
    "http://www.w3.org/TR/xhtml1/DTD/xhtml1-transitional.dtd">
<html xmlns="http://www.w3.org/1999/xhtml" xml:lang="en" lang="en">
 <head>
  <title>
</title>
<meta http-equiv="Content-Type" content="text/html;charset=utf-8" />
  <meta name='ocr-system' content='tesseract 3.04.00' />
  <meta name='ocr-capabilities' content='ocr_page ocr_carea ocr_par ocr_line ocrx_word'/>
</head>
<body>
  <div class='ocr_page' id='page_1' title='image "./ethicaeudemia00arisgoog_0343.png"; bbox 0 0 2776 4836; ppageno 0'>
   <div class='ocr_carea' id='block_1_1' title="bbox 507 220 1227 311">
    <p class='ocr_par' dir='ltr' id='par_1_1' title="bbox 507 220 1227 311">
     <span class='ocr_line' id='line_1_1' title="bbox 507 220 1227 311; baseline 0.007 -5"><span class='ocrx_word' id='word_1_1' title='bbox 507 232 550 306; x_wconf 91' lang='lat'><strong>11.</strong></span> <span class='ocrx_word' id='word_1_2' title='bbox 578 231 613 305; x_wconf 80' lang='lat' dir='ltr'><strong>a.</strong></span> <span class='ocrx_word' id='word_1_3' title='bbox 642 231 675 305; x_wconf 82' lang='grc'><strong>9.</strong></span> <span class='ocrx_word' id='word_1_4' title='bbox 706 236 764 306; x_wconf 91' lang='lat'><strong>10.</strong></span> <span class='ocrx_word' id='word_1_5' title='bbox 1149 220 1227 311; x_wconf 74' lang='lat'><strong>289</strong></span> 
     </span>
    </p>
   </div>
   <div class='ocr_carea' id='block_1_2' title="bbox 73 420 1241 4625">
    <p class='ocr_par' dir='ltr' id='par_1_2' title="bbox 73 420 1241 4625">
     <span class='ocr_line' id='line_1_2' title="bbox 73 420 1229 503; baseline -0.001 -15"><span class='ocrx_word' id='word_1_6' title='bbox 73 423 202 488; x_wconf 72' lang='lat' dir='ltr'><strong>‚anobis</strong></span> <span class='ocrx_word' id='word_1_7' title='bbox 225 420 409 503; x_wconf 87' lang='lat' dir='ltr'><strong>potentiores</strong></span> <span class='ocrx_word' id='word_1_8' title='bbox 432 423 476 500; x_wconf 88' lang='lat' dir='ltr'><strong>[ut</strong></span> <span class='ocrx_word' id='word_1_9' title='bbox 497 423 637 485; x_wconf 82' lang='lat' dir='ltr'><strong>resistere</strong></span> <span class='ocrx_word' id='word_1_10' title='bbox 657 422 692 489; x_wconf 88' lang='lat' dir='ltr'><strong>iis</strong></span> <span class='ocrx_word' id='word_1_11' title='bbox 714 424 915 502; x_wconf 64' lang='lat' dir='ltr'><strong>nequeamus}</strong></span> <span class='ocrx_word' id='word_1_12' title='bbox 960 422 1062 503; x_wconf 90' lang='lat' dir='ltr'><strong>Itaque</strong></span> <span class='ocrx_word' id='word_1_13' title='bbox 1080 423 1105 484; x_wconf 90' lang='lat' dir='ltr'><strong>si</strong></span> <span class='ocrx_word' id='word_1_14' title='bbox 1122 426 1229 487; x_wconf 88' lang='lat' dir='ltr'><strong>volun-</strong></span> 
     </span>
     <span class='ocr_line' id='line_1_3' title="bbox 112 509 1229 591; baseline -0.001 -16"><span class='ocrx_word' id='word_1_15' title='bbox 112 512 222 575; x_wconf 84' lang='lat' dir='ltr'><strong>tarium</strong></span> <span class='ocrx_word' id='word_1_16' title='bbox 240 517 270 571; x_wconf 91' lang='lat' dir='ltr'><strong>et</strong></span> <span class='ocrx_word' id='word_1_17' title='bbox 291 528 352 570; x_wconf 93' lang='lat' dir='ltr'><strong>non</strong></span> <span class='ocrx_word' id='word_1_18' title='bbox 373 509 571 573; x_wconf 88' lang='lat' dir='ltr'><strong>voluntarium</strong></span> <span class='ocrx_word' id='word_1_19' title='bbox 590 510 676 572; x_wconf 90' lang='lat' dir='ltr'><strong>etiam</strong></span> <span class='ocrx_word' id='word_1_20' title='bbox 690 519 838 591; x_wconf 80' lang='lat' dir='ltr'><strong>¹respectu</strong></span> <span class='ocrx_word' id='word_1_21' title='bbox 861 511 932 583; x_wconf 87' lang='lat' dir='ltr'><strong>eius,</strong></span> <span class='ocrx_word' id='word_1_22' title='bbox 956 511 1036 591; x_wconf 93' lang='lat' dir='ltr'><strong>quod</strong></span> <span class='ocrx_word' id='word_1_23' title='bbox 1057 511 1084 572; x_wconf 86' lang='lat' dir='ltr'><strong>ri</strong></span> <span class='ocrx_word' id='word_1_24' title='bbox 1103 521 1229 591; x_wconf 78' lang='lat' dir='ltr'>cogente</span> 
     </span>
     <span class='ocr_line' id='line_1_4' title="bbox 73 598 1230 678; baseline 0.005 -22"><span class='ocrx_word' id='word_1_25' title='bbox 73 612 96 656; x_wconf 69' lang='lat' dir='ltr'><strong>s</strong></span> <span class='ocrx_word' id='word_1_26' title='bbox 114 598 182 662; x_wconf 81' lang='lat' dir='ltr'><strong>fieri</strong></span> <span class='ocrx_word' id='word_1_27' title='bbox 200 599 325 669; x_wconf 84' lang='lat' dir='ltr'><strong>videtur,</strong></span> <span class='ocrx_word' id='word_1_28' title='bbox 344 598 680 671; x_wconf 72' lang='lat' dir='ltr'><strong>considerandum‘erat</strong></span> <span class='ocrx_word' id='word_1_29' title='bbox 697 599 771 659; x_wconf 89' lang='lat' dir='ltr'><strong>haec</strong></span> <span class='ocrx_word' id='word_1_30' title='bbox 787 599 904 678; x_wconf 92' lang='lat' dir='ltr'><strong>quidem</strong></span> <span class='ocrx_word' id='word_1_31' title='bbox 920 601 978 660; x_wconf 90' lang='lat' dir='ltr'><strong>hoc</strong></span> <span class='ocrx_word' id='word_1_32' title='bbox 990 599 1080 660; x_wconf 95' lang='lat' dir='ltr'><strong>modo</strong></span> <span class='ocrx_word' id='word_1_33' title='bbox 1094 599 1230 665; x_wconf 87' lang='lat' dir='ltr'><strong>distincta</strong></span> 
     </span>
     <span class='ocr_line' id='line_1_5' title="bbox 113 686 1229 766; baseline -0.001 -15"><span class='ocrx_word' id='word_1_34' title='bbox 113 689 192 751; x_wconf 85' lang='lat' dir='ltr'><strong>sint:</strong></span> <span class='ocrx_word' id='word_1_35' title='bbox 221 705 289 749; x_wconf 91' lang='lat' dir='ltr'><strong>nam</strong></span> <span class='ocrx_word' id='word_1_36' title='bbox 316 686 372 746; x_wconf 92' lang='lat' dir='ltr'><strong>hae</strong></span> <span class='ocrx_word' id='word_1_37' title='bbox 396 694 466 748; x_wconf 90' lang='lat' dir='ltr'><strong>sunt</strong></span> <span class='ocrx_word' id='word_1_38' title='bbox 492 687 640 759; x_wconf 89' lang='lat' dir='ltr'><strong>rationes,</strong></span> <span class='ocrx_word' id='word_1_39' title='bbox 672 705 746 766; x_wconf 91' lang='lat' dir='ltr'><strong>quae</strong></span> <span class='ocrx_word' id='word_1_40' title='bbox 776 686 933 747; x_wconf 83' lang='lat' dir='ltr'><strong>voluntarii</strong></span> <span class='ocrx_word' id='word_1_41' title='bbox 961 687 1229 750; x_wconf 81' lang='lat' dir='ltr'><strong>considerationem</strong></span> 
     </span>
     <span class='ocr_line' id='line_1_6' title="bbox 109 773 1230 856; baseline -0.001 -18"><span class='ocrx_word' id='word_1_42' title='bbox 109 775 241 838; x_wconf 78' lang='lat' dir='ltr'>maxime</span> <span class='ocrx_word' id='word_1_43' title='bbox 262 773 400 848; x_wconf 79' lang='lat' dir='ltr'><strong>turbent,</strong></span> <span class='ocrx_word' id='word_1_44' title='bbox 424 776 503 854; x_wconf 91' lang='lat' dir='ltr'><strong>quod</strong></span> <span class='ocrx_word' id='word_1_45' title='bbox 526 775 554 837; x_wconf 87' lang='lat' dir='ltr'><strong>ri</strong></span> <span class='ocrx_word' id='word_1_46' title='bbox 576 774 670 836; x_wconf 89' lang='lat' dir='ltr'><strong>coacti</strong></span> <span class='ocrx_word' id='word_1_47' title='bbox 691 780 721 834; x_wconf 91' lang='lat' dir='ltr'><strong>at</strong></span> <span class='ocrx_word' id='word_1_48' title='bbox 742 793 803 835; x_wconf 95' lang='lat' dir='ltr'><strong>non</strong></span> <span class='ocrx_word' id='word_1_49' title='bbox 822 793 877 835; x_wconf 93' lang='lat' dir='ltr'><strong>suo</strong></span> <span class='ocrx_word' id='word_1_50' title='bbox 899 774 1020 835; x_wconf 90' lang='lat' dir='ltr'><strong>arbitrio</strong></span> <span class='ocrx_word' id='word_1_51' title='bbox 1043 775 1139 854; x_wconf 79' lang='lat' dir='ltr'>egisse</span> <span class='ocrx_word' id='word_1_52' title='bbox 1157 795 1230 856; x_wconf 91' lang='lat' dir='ltr'><strong>pos-</strong></span> 
     </span>
     <span class='ocr_line' id='line_1_7' title="bbox 111 862 802 927; baseline -0.007 0"><span class='ocrx_word' id='word_1_53' title='bbox 111 865 174 927; x_wconf 87' lang='lat' dir='ltr'><strong>sint</strong></span> <span class='ocrx_word' id='word_1_54' title='bbox 194 862 296 924; x_wconf 83' lang='lat' dir='ltr'><strong>videri.</strong></span> <span class='ocrx_word' id='word_1_55' title='bbox 799 908 802 913; x_wconf 83' lang='lat'>.</span> 
     </span>
     <span class='ocr_line' id='line_1_8' title="bbox 85 946 1231 1032; baseline -0.001 -20"><span class='ocrx_word' id='word_1_56' title='bbox 85 946 112 1017; x_wconf 76' lang='grc'>9</span> <span class='ocrx_word' id='word_1_57' title='bbox 203 950 255 1012; x_wconf 88' lang='lat' dir='ltr'><strong>His</strong></span> <span class='ocrx_word' id='word_1_58' title='bbox 281 950 369 1028; x_wconf 88' lang='lat' dir='ltr'><strong>igitur</strong></span> <span class='ocrx_word' id='word_1_59' title='bbox 394 950 545 1013; x_wconf 86' lang='lat' dir='ltr'><strong>adfinem</strong></span> <span class='ocrx_word' id='word_1_60' title='bbox 569 949 736 1031; x_wconf 89' lang='lat' dir='ltr'><strong>perductis,</strong></span> <span class='ocrx_word' id='word_1_61' title='bbox 771 969 861 1030; x_wconf 91' lang='lat' dir='ltr'><strong>quum</strong></span> <span class='ocrx_word' id='word_1_62' title='bbox 886 970 943 1013; x_wconf 89' lang='lat' dir='ltr'><strong>nec</strong></span> <span class='ocrx_word' id='word_1_63' title='bbox 968 951 1151 1032; x_wconf 87' lang='lat' dir='ltr'><strong>appetitione</strong></span> <span class='ocrx_word' id='word_1_64' title='bbox 1174 969 1231 1011; x_wconf 93' lang='lat' dir='ltr'><strong>nec</strong></span> 
     </span>
     <span class='ocr_line' id='line_1_9' title="bbox 73 1032 1231 1117; baseline -0.001 -18"><span class='ocrx_word' id='word_1_65' title='bbox 73 1039 269 1108; x_wconf 77' lang='lat' dir='ltr'><strong>‚avolonute</strong></span> <span class='ocrx_word' id='word_1_66' title='bbox 291 1037 455 1099; x_wconf 87' lang='lat' dir='ltr'><strong>deliberata·</strong></span> <span class='ocrx_word' id='word_1_67' title='bbox 471 1039 669 1100; x_wconf 84' lang='lat' dir='ltr'><strong>voluntarium</strong></span> <span class='ocrx_word' id='word_1_68' title='bbox 684 1038 838 1100; x_wconf 83' lang='lat' dir='ltr'><strong>delinitum</strong></span> <span class='ocrx_word' id='word_1_69' title='bbox 854 1039 902 1113; x_wconf 92' lang='lat' dir='ltr'><strong>sit,</strong></span> <span class='ocrx_word' id='word_1_70' title='bbox 926 1047 1019 1101; x_wconf 89' lang='lat' dir='ltr'><strong>restat</strong></span> <span class='ocrx_word' id='word_1_71' title='bbox 1036 1032 1132 1113; x_wconf 75' lang='lat' dir='ltr'><strong>ntea,</strong></span> <span class='ocrx_word' id='word_1_72' title='bbox 1156 1058 1231 1117; x_wconf 94' lang='lat' dir='ltr'><strong>quae</strong></span> 
     </span>
     <span class='ocr_line' id='line_1_10' title="bbox 115 1125 1231 1206; baseline -0.004 -16"><span class='ocrx_word' id='word_1_73' title='bbox 115 1146 136 1190; x_wconf 88' lang='lat' dir='ltr'><strong>a</strong></span> <span class='ocrx_word' id='word_1_74' title='bbox 157 1134 257 1189; x_wconf 90' lang='lat' dir='ltr'><strong>mente</strong></span> <span class='ocrx_word' id='word_1_75' title='bbox 274 1126 320 1187; x_wconf 90' lang='lat' dir='ltr'><strong>vel</strong></span> <span class='ocrx_word' id='word_1_76' title='bbox 341 1125 456 1188; x_wconf 90' lang='lat' dir='ltr'><strong>ratione</strong></span> <span class='ocrx_word' id='word_1_77' title='bbox 474 1126 603 1200; x_wconf 85' lang='lat' dir='ltr'><strong>veniant,</strong></span> <span class='ocrx_word' id='word_1_78' title='bbox 627 1126 860 1188; x_wconf 84' lang='lat' dir='ltr'><strong>consideremus.</strong></span> <span class='ocrx_word' id='word_1_79' title='bbox 905 1127 1027 1188; x_wconf 88' lang='lat' dir='ltr'><strong>Videtur</strong></span> <span class='ocrx_word' id='word_1_80' title='bbox 1049 1127 1138 1206; x_wconf 93' lang='lat' dir='ltr'><strong>igitur</strong></span> <span class='ocrx_word' id='word_1_81' title='bbox 1158 1146 1231 1187; x_wconf 94' lang='lat' dir='ltr'><strong>con-</strong></span> 
     </span>
     <span class='ocr_line' id='line_1_11' title="bbox 114 1213 1232 1294; baseline -0.003 -16"><span class='ocrx_word' id='word_1_82' title='bbox 114 1216 240 1286; x_wconf 88' lang='lat' dir='ltr'><strong>trarium</strong></span> <span class='ocrx_word' id='word_1_83' title='bbox 259 1233 326 1276; x_wconf 88' lang='lat' dir='ltr'><strong>esse</strong></span> <span class='ocrx_word' id='word_1_84' title='bbox 346 1215 544 1275; x_wconf 84' lang='lat' dir='ltr'><strong>voluntarium</strong></span> <span class='ocrx_word' id='word_1_85' title='bbox 561 1233 622 1276; x_wconf 94' lang='lat' dir='ltr'><strong>non</strong></span> <span class='ocrx_word' id='word_1_86' title='bbox 631 1213 817 1287; x_wconf 74' lang='lat' dir='ltr'><strong>uoluntario,</strong></span> <span class='ocrx_word' id='word_1_87' title='bbox 837 1224 866 1276; x_wconf 96' lang='lat' dir='ltr'><strong>et</strong></span> <span class='ocrx_word' id='word_1_88' title='bbox 882 1233 970 1293; x_wconf 89' lang='lat' dir='ltr'><strong>agere</strong></span> <span class='ocrx_word' id='word_1_89' title='bbox 987 1215 1113 1294; x_wconf 77' lang='lat' dir='ltr'><strong>aliquem</strong></span> <span class='ocrx_word' id='word_1_90' title='bbox 1134 1215 1232 1276; x_wconf 88' lang='lat' dir='ltr'><strong>scien-</strong></span> 
     </span>
     <span class='ocr_line' id='line_1_12' title="bbox 113 1301 1232 1384; baseline -0.003 -18"><span class='ocrx_word' id='word_1_91' title='bbox 113 1311 177 1366; x_wconf 90' lang='lat' dir='ltr'><strong>tem</strong></span> <span class='ocrx_word' id='word_1_92' title='bbox 201 1321 290 1384; x_wconf 92' lang='lat' dir='ltr'><strong>quem</strong></span> <span class='ocrx_word' id='word_1_93' title='bbox 310 1309 417 1363; x_wconf 85' lang='lat' dir='ltr'><strong>tractet</strong></span> <span class='ocrx_word' id='word_1_94' title='bbox 444 1309 494 1364; x_wconf 90' lang='lat' dir='ltr'><strong>aut</strong></span> <span class='ocrx_word' id='word_1_95' title='bbox 518 1321 576 1382; x_wconf 93' lang='lat' dir='ltr'><strong>quo</strong></span> <span class='ocrx_word' id='word_1_96' title='bbox 599 1308 649 1362; x_wconf 90' lang='lat' dir='ltr'><strong>aut</strong></span> <span class='ocrx_word' id='word_1_97' title='bbox 674 1321 727 1363; x_wconf 90' lang='lat' dir='ltr'><strong>cur</strong></span> <span class='ocrx_word' id='word_1_98' title='bbox 752 1301 915 1381; x_wconf 86' lang='lat' dir='ltr'><strong>(interdum</strong></span> <span class='ocrx_word' id='word_1_99' title='bbox 937 1303 1015 1363; x_wconf 90' lang='lat' dir='ltr'><strong>enim</strong></span> <span class='ocrx_word' id='word_1_100' title='bbox 1034 1303 1090 1364; x_wconf 87' lang='lat' dir='ltr'><strong>scit</strong></span> <span class='ocrx_word' id='word_1_101' title='bbox 1112 1303 1232 1384; x_wconf 85' lang='lat' dir='ltr'><strong>quidem</strong></span> 
     </span>
     <span class='ocr_line' id='line_1_13' title="bbox 117 1389 1233 1471; baseline -0.003 -18"><span class='ocrx_word' id='word_1_102' title='bbox 117 1411 187 1454; x_wconf 89' lang='lat' dir='ltr'><strong>esse</strong></span> <span class='ocrx_word' id='word_1_103' title='bbox 207 1392 303 1462; x_wconf 89' lang='lat' dir='ltr'><strong>bunc,</strong></span> <span class='ocrx_word' id='word_1_104' title='bbox 323 1389 370 1450; x_wconf 91' lang='lat' dir='ltr'><strong>cui</strong></span> <span class='ocrx_word' id='word_1_105' title='bbox 391 1408 497 1452; x_wconf 92' lang='lat' dir='ltr'><strong>manus</strong></span> <span class='ocrx_word' id='word_1_106' title='bbox 514 1391 661 1462; x_wconf 84' lang='lat' dir='ltr'><strong>admovet,</strong></span> <span class='ocrx_word' id='word_1_107' title='bbox 680 1398 813 1471; x_wconf 89' lang='lat' dir='ltr'><strong>patrem,</strong></span> <span class='ocrx_word' id='word_1_108' title='bbox 837 1391 891 1451; x_wconf 90' lang='lat' dir='ltr'><strong>sed</strong></span> <span class='ocrx_word' id='word_1_109' title='bbox 914 1390 1052 1452; x_wconf 84' lang='lat' dir='ltr'><strong>admovet</strong></span> <span class='ocrx_word' id='word_1_110' title='bbox 1071 1409 1177 1456; x_wconf 90' lang='lat' dir='ltr'><strong>manus</strong></span> <span class='ocrx_word' id='word_1_111' title='bbox 1200 1398 1233 1451; x_wconf 91' lang='lat' dir='ltr'><strong>ut</strong></span> 
     </span>
     <span class='ocr_line' id='line_1_14' title="bbox 116 1477 1232 1558; baseline -0.004 -15"><span class='ocrx_word' id='word_1_112' title='bbox 116 1499 188 1543; x_wconf 85' lang='lat' dir='ltr'><strong>cum</strong></span> <span class='ocrx_word' id='word_1_113' title='bbox 218 1485 333 1551; x_wconf 86' lang='lat' dir='ltr'><strong>servet,</strong></span> <span class='ocrx_word' id='word_1_114' title='bbox 367 1497 428 1539; x_wconf 91' lang='lat' dir='ltr'><strong>non</strong></span> <span class='ocrx_word' id='word_1_115' title='bbox 455 1486 489 1540; x_wconf 91' lang='lat' dir='ltr'><strong>ut</strong></span> <span class='ocrx_word' id='word_1_116' title='bbox 517 1477 687 1552; x_wconf 86' lang='lat' dir='ltr'><strong>interficiat,</strong></span> <span class='ocrx_word' id='word_1_117' title='bbox 720 1478 969 1558; x_wconf 83' lang='lat' dir='ltr'><strong>quemadmodum</strong></span> <span class='ocrx_word' id='word_1_118' title='bbox 991 1479 1126 1541; x_wconf 88' lang='lat' dir='ltr'><strong>Peliades</strong></span> <span class='ocrx_word' id='word_1_119' title='bbox 1155 1478 1232 1558; x_wconf 88' lang='lat' dir='ltr'><strong>patri</strong></span> 
     </span>
     <span class='ocr_line' id='line_1_15' title="bbox 116 1566 1232 1639; baseline -0.003 -10"><span class='ocrx_word' id='word_1_120' title='bbox 116 1586 224 1629; x_wconf 89' lang='lat' dir='ltr'><strong>manus</strong></span> <span class='ocrx_word' id='word_1_121' title='bbox 246 1566 442 1627; x_wconf 86' lang='lat' dir='ltr'><strong>admoverunt</strong></span> <span class='ocrx_word' id='word_1_122' title='bbox 470 1585 531 1627; x_wconf 94' lang='lat' dir='ltr'><strong>non</strong></span> <span class='ocrx_word' id='word_1_123' title='bbox 558 1573 592 1627; x_wconf 96' lang='lat' dir='ltr'><strong>ut</strong></span> <span class='ocrx_word' id='word_1_124' title='bbox 617 1586 683 1628; x_wconf 91' lang='lat' dir='ltr'><strong>eum</strong></span> <span class='ocrx_word' id='word_1_125' title='bbox 711 1566 931 1639; x_wconf 85' lang='lat' dir='ltr'><strong>interimerent,</strong></span> <span class='ocrx_word' id='word_1_126' title='bbox 964 1566 1018 1628; x_wconf 90' lang='lat' dir='ltr'><strong>sed</strong></span> <span class='ocrx_word' id='word_1_127' title='bbox 1045 1574 1078 1628; x_wconf 92' lang='lat' dir='ltr'><strong>ut</strong></span> <span class='ocrx_word' id='word_1_128' title='bbox 1106 1567 1232 1628; x_wconf 90' lang='lat' dir='ltr'><strong>salutem</strong></span> 
     </span>
     <span class='ocr_line' id='line_1_16' title="bbox 116 1654 1233 1735; baseline -0.002 -19"><span class='ocrx_word' id='word_1_129' title='bbox 116 1655 181 1717; x_wconf 89' lang='lat' dir='ltr'><strong>eius</strong></span> <span class='ocrx_word' id='word_1_130' title='bbox 200 1661 356 1734; x_wconf 86' lang='lat' dir='ltr'><strong>pararent:</strong></span> <span class='ocrx_word' id='word_1_131' title='bbox 379 1661 429 1715; x_wconf 92' lang='lat' dir='ltr'><strong>aut</strong></span> <span class='ocrx_word' id='word_1_132' title='bbox 447 1654 502 1715; x_wconf 87' lang='lat' dir='ltr'><strong>scit</strong></span> <span class='ocrx_word' id='word_1_133' title='bbox 523 1656 603 1715; x_wconf 89' lang='lat' dir='ltr'><strong>hunc</strong></span> <span class='ocrx_word' id='word_1_134' title='bbox 626 1674 691 1716; x_wconf 87' lang='lat' dir='ltr'><strong>esse</strong></span> <span class='ocrx_word' id='word_1_135' title='bbox 708 1663 822 1735; x_wconf 93' lang='lat' dir='ltr'><strong>potum,</strong></span> <span class='ocrx_word' id='word_1_136' title='bbox 845 1654 899 1715; x_wconf 92' lang='lat' dir='ltr'><strong>sed</strong></span> <span class='ocrx_word' id='word_1_137' title='bbox 923 1654 973 1715; x_wconf 93' lang='lat' dir='ltr'><strong>dat</strong></span> <span class='ocrx_word' id='word_1_138' title='bbox 993 1662 1132 1735; x_wconf 89' lang='lat' dir='ltr'><strong>tanquam</strong></span> <span class='ocrx_word' id='word_1_139' title='bbox 1155 1654 1233 1733; x_wconf 90' lang='lat' dir='ltr'><strong>phil-</strong></span> 
     </span>
     <span class='ocr_line' id='line_1_17' title="bbox 78 1740 1233 1823; baseline 0 -22"><span class='ocrx_word' id='word_1_140' title='bbox 78 1758 97 1801; x_wconf 75' lang='lat' dir='ltr'><strong>u</strong></span> <span class='ocrx_word' id='word_1_141' title='bbox 117 1751 199 1805; x_wconf 88' lang='lat' dir='ltr'><strong>trum</strong></span> <span class='ocrx_word' id='word_1_142' title='bbox 214 1750 245 1803; x_wconf 93' lang='lat' dir='ltr'><strong>et</strong></span> <span class='ocrx_word' id='word_1_143' title='bbox 260 1741 370 1813; x_wconf 88' lang='lat' dir='ltr'><strong>vinum,</strong></span> <span class='ocrx_word' id='word_1_144' title='bbox 394 1743 465 1803; x_wconf 90' lang='lat' dir='ltr'><strong>dum</strong></span> <span class='ocrx_word' id='word_1_145' title='bbox 478 1741 551 1803; x_wconf 94' lang='lat' dir='ltr'><strong>illud</strong></span> <span class='ocrx_word' id='word_1_146' title='bbox 566 1761 716 1804; x_wconf 89' lang='lat' dir='ltr'><strong>venenum</strong></span> <span class='ocrx_word' id='word_1_147' title='bbox 735 1743 792 1823; x_wconf 84' lang='lat' dir='ltr'><strong>est)</strong></span> <span class='ocrx_word' id='word_1_148' title='bbox 811 1742 992 1804; x_wconf 87' lang='lat' dir='ltr'><strong>contrarium</strong></span> <span class='ocrx_word' id='word_1_149' title='bbox 1011 1740 1047 1814; x_wconf 87' lang='lat' dir='ltr'><strong>ei,</strong></span> <span class='ocrx_word' id='word_1_150' title='bbox 1071 1741 1121 1821; x_wconf 94' lang='lat' dir='ltr'><strong>qui</strong></span> <span class='ocrx_word' id='word_1_151' title='bbox 1138 1741 1233 1802; x_wconf 91' lang='lat' dir='ltr'><strong>nescit</strong></span> 
     </span>
     <span class='ocr_line' id='line_1_18' title="bbox 117 1828 1232 1912; baseline -0.002 -20"><span class='ocrx_word' id='word_1_152' title='bbox 117 1849 218 1912; x_wconf 73' lang='lat' dir='ltr'><strong>quem</strong></span> <span class='ocrx_word' id='word_1_153' title='bbox 230 1848 299 1910; x_wconf 92' lang='lat' dir='ltr'><strong>quo,</strong></span> <span class='ocrx_word' id='word_1_154' title='bbox 312 1829 392 1909; x_wconf 92' lang='lat' dir='ltr'><strong>quid,</strong></span> <span class='ocrx_word' id='word_1_155' title='bbox 409 1849 465 1909; x_wconf 88' lang='lat' dir='ltr'><strong>per</strong></span> <span class='ocrx_word' id='word_1_156' title='bbox 482 1848 581 1891; x_wconf 87' lang='lat' dir='ltr'><strong>veram</strong></span> <span class='ocrx_word' id='word_1_157' title='bbox 596 1829 802 1908; x_wconf 90' lang='lat' dir='ltr'><strong>ignorantiam,</strong></span> <span class='ocrx_word' id='word_1_158' title='bbox 820 1849 881 1891; x_wconf 90' lang='lat' dir='ltr'><strong>uon</strong></span> <span class='ocrx_word' id='word_1_159' title='bbox 899 1849 955 1910; x_wconf 89' lang='lat' dir='ltr'><strong>per</strong></span> <span class='ocrx_word' id='word_1_160' title='bbox 969 1829 1116 1891; x_wconf 86' lang='lat' dir='ltr'><strong>accidens.</strong></span> <span class='ocrx_word' id='word_1_161' title='bbox 1144 1828 1232 1902; x_wconf 83' lang='lat' dir='ltr'><strong>Quod</strong></span> 
     </span>
     <span class='ocr_line' id='line_1_19' title="bbox 116 1916 1232 1997; baseline -0.003 -17"><span class='ocrx_word' id='word_1_162' title='bbox 116 1927 218 1980; x_wconf 84' lang='lat' dir='ltr'><strong>autem</strong></span> <span class='ocrx_word' id='word_1_163' title='bbox 236 1936 292 1997; x_wconf 89' lang='lat' dir='ltr'><strong>per</strong></span> <span class='ocrx_word' id='word_1_164' title='bbox 316 1916 512 1995; x_wconf 90' lang='lat' dir='ltr'><strong>ignorantiam</strong></span> <span class='ocrx_word' id='word_1_165' title='bbox 534 1917 577 1979; x_wconf 87' lang='lat' dir='ltr'><strong>rei</strong></span> <span class='ocrx_word' id='word_1_166' title='bbox 601 1924 631 1978; x_wconf 94' lang='lat' dir='ltr'><strong>et</strong></span> <span class='ocrx_word' id='word_1_167' title='bbox 650 1917 757 1979; x_wconf 90' lang='lat' dir='ltr'><strong>obiecti</strong></span> <span class='ocrx_word' id='word_1_168' title='bbox 779 1917 1026 1997; x_wconf 86' lang='lat' dir='ltr'><strong>instrumentique</strong></span> <span class='ocrx_word' id='word_1_169' title='bbox 1045 1918 1094 1990; x_wconf 88' lang='lat' dir='ltr'><strong>tit,</strong></span> <span class='ocrx_word' id='word_1_170' title='bbox 1118 1917 1148 1978; x_wconf 93' lang='lat' dir='ltr'><strong>id</strong></span> <span class='ocrx_word' id='word_1_171' title='bbox 1171 1936 1232 1978; x_wconf 93' lang='lat' dir='ltr'><strong>non</strong></span> 
     </span>
     <span class='ocr_line' id='line_1_20' title="bbox 118 2003 1233 2084; baseline -0.003 -17"><span class='ocrx_word' id='word_1_172' title='bbox 118 2004 318 2069; x_wconf 84' lang='lat' dir='ltr'><strong>voluntarium</strong></span> <span class='ocrx_word' id='word_1_173' title='bbox 335 2013 389 2066; x_wconf 86' lang='lat' dir='ltr'><strong>est</strong></span> <span class='ocrx_word' id='word_1_174' title='bbox 417 2004 603 2067; x_wconf 84' lang='lat' dir='ltr'><strong>Contrarium</strong></span> <span class='ocrx_word' id='word_1_175' title='bbox 620 2005 709 2082; x_wconf 87' lang='lat' dir='ltr'><strong>igitur</strong></span> <span class='ocrx_word' id='word_1_176' title='bbox 729 2006 897 2084; x_wconf 84' lang='lat' dir='ltr'><strong>appelletur</strong></span> <span class='ocrx_word' id='word_1_177' title='bbox 914 2005 1121 2067; x_wconf 88' lang='lat' dir='ltr'><strong>voluntarium.</strong></span> <span class='ocrx_word' id='word_1_178' title='bbox 1151 2003 1233 2078; x_wconf 86' lang='lat' dir='ltr'><strong>Quae</strong></span> 
     </span>
     <span class='ocr_line' id='line_1_21' title="bbox 116 2092 1234 2173; baseline -0.002 -18"><span class='ocrx_word' id='word_1_179' title='bbox 116 2094 208 2173; x_wconf 88' lang='lat' dir='ltr'><strong>igitur</strong></span> <span class='ocrx_word' id='word_1_180' title='bbox 229 2092 332 2171; x_wconf 91' lang='lat' dir='ltr'><strong>aliquis</strong></span> <span class='ocrx_word' id='word_1_181' title='bbox 355 2093 440 2166; x_wconf 86' lang='lat' dir='ltr'><strong>iacit,</strong></span> <span class='ocrx_word' id='word_1_182' title='bbox 468 2112 557 2172; x_wconf 93' lang='lat' dir='ltr'><strong>quum</strong></span> <span class='ocrx_word' id='word_1_183' title='bbox 578 2093 665 2153; x_wconf 89' lang='lat' dir='ltr'><strong>etiam</strong></span> <span class='ocrx_word' id='word_1_184' title='bbox 686 2112 748 2155; x_wconf 91' lang='lat' dir='ltr'><strong>non</strong></span> <span class='ocrx_word' id='word_1_185' title='bbox 771 2094 868 2154; x_wconf 85' lang='lat' dir='ltr'><strong>lacere</strong></span> <span class='ocrx_word' id='word_1_186' title='bbox 890 2093 948 2173; x_wconf 87' lang='lat' dir='ltr'><strong>ipsi</strong></span> <span class='ocrx_word' id='word_1_187' title='bbox 971 2092 1098 2155; x_wconf 90' lang='lat' dir='ltr'><strong>liberum</strong></span> <span class='ocrx_word' id='word_1_188' title='bbox 1118 2100 1180 2165; x_wconf 91' lang='lat' dir='ltr'><strong>est,</strong></span> <span class='ocrx_word' id='word_1_189' title='bbox 1205 2102 1234 2153; x_wconf 90' lang='lat' dir='ltr'><strong>et</strong></span> 
     </span>
     <span class='ocr_line' id='line_1_22' title="bbox 118 2180 1234 2262; baseline -0.003 -19"><span class='ocrx_word' id='word_1_190' title='bbox 118 2181 239 2262; x_wconf 89' lang='lat' dir='ltr'><strong>quidem</strong></span> <span class='ocrx_word' id='word_1_191' title='bbox 266 2199 328 2241; x_wconf 91' lang='lat' dir='ltr'><strong>non</strong></span> <span class='ocrx_word' id='word_1_192' title='bbox 356 2181 496 2260; x_wconf 89' lang='lat' dir='ltr'><strong>ignorans</strong></span> <span class='ocrx_word' id='word_1_193' title='bbox 517 2200 551 2242; x_wconf 92' lang='lat' dir='ltr'><strong>ac</strong></span> <span class='ocrx_word' id='word_1_194' title='bbox 580 2188 705 2261; x_wconf 91' lang='lat' dir='ltr'><strong>propter</strong></span> <span class='ocrx_word' id='word_1_195' title='bbox 726 2181 824 2260; x_wconf 92' lang='lat' dir='ltr'><strong>ipsum</strong></span> <span class='ocrx_word' id='word_1_196' title='bbox 845 2182 929 2253; x_wconf 81' lang='lat' dir='ltr'><strong>lacit,</strong></span> <span class='ocrx_word' id='word_1_197' title='bbox 966 2182 1040 2242; x_wconf 89' lang='lat' dir='ltr'><strong>baec</strong></span> <span class='ocrx_word' id='word_1_198' title='bbox 1069 2180 1234 2243; x_wconf 87' lang='lat' dir='ltr'><strong>voluntaria</strong></span> 
     </span>
     <span class='ocr_line' id='line_1_23' title="bbox 73 2268 1233 2350; baseline -0.002 -20"><span class='ocrx_word' id='word_1_199' title='bbox 73 2277 101 2322; x_wconf 83' lang='lat'><strong>¹⁰</strong></span> <span class='ocrx_word' id='word_1_200' title='bbox 120 2287 188 2331; x_wconf 89' lang='lat' dir='ltr'><strong>esse</strong></span> <span class='ocrx_word' id='word_1_201' title='bbox 216 2287 341 2331; x_wconf 89' lang='lat' dir='ltr'><strong>necesse</strong></span> <span class='ocrx_word' id='word_1_202' title='bbox 370 2276 430 2330; x_wconf 90' lang='lat' dir='ltr'><strong>est:</strong></span> <span class='ocrx_word' id='word_1_203' title='bbox 464 2277 551 2348; x_wconf 91' lang='lat' dir='ltr'><strong>atque</strong></span> <span class='ocrx_word' id='word_1_204' title='bbox 574 2270 632 2331; x_wconf 90' lang='lat' dir='ltr'><strong>hoc</strong></span> <span class='ocrx_word' id='word_1_205' title='bbox 662 2269 860 2330; x_wconf 82' lang='lat' dir='ltr'><strong>voluntarium</strong></span> <span class='ocrx_word' id='word_1_206' title='bbox 890 2268 1028 2330; x_wconf 91' lang='lat' dir='ltr'><strong>dicimus:</strong></span> <span class='ocrx_word' id='word_1_207' title='bbox 1061 2287 1136 2350; x_wconf 91' lang='lat' dir='ltr'><strong>quae</strong></span> <span class='ocrx_word' id='word_1_208' title='bbox 1162 2287 1233 2329; x_wconf 85' lang='lat' dir='ltr'><strong>vero</strong></span> 
     </span>
     <span class='ocr_line' id='line_1_24' title="bbox 119 2356 1234 2437; baseline -0.001 -19"><span class='ocrx_word' id='word_1_209' title='bbox 119 2358 261 2437; x_wconf 92' lang='lat' dir='ltr'><strong>ignorans</strong></span> <span class='ocrx_word' id='word_1_210' title='bbox 284 2365 314 2417; x_wconf 94' lang='lat' dir='ltr'><strong>et</strong></span> <span class='ocrx_word' id='word_1_211' title='bbox 332 2365 457 2437; x_wconf 87' lang='lat' dir='ltr'><strong>propter</strong></span> <span class='ocrx_word' id='word_1_212' title='bbox 479 2357 674 2435; x_wconf 83' lang='lat' dir='ltr'><strong>ignorantiam</strong></span> <span class='ocrx_word' id='word_1_213' title='bbox 696 2357 780 2429; x_wconf 87' lang='lat' dir='ltr'><strong>iacit,</strong></span> <span class='ocrx_word' id='word_1_214' title='bbox 802 2359 876 2418; x_wconf 87' lang='lat' dir='ltr'><strong>haec</strong></span> <span class='ocrx_word' id='word_1_215' title='bbox 898 2356 966 2418; x_wconf 85' lang='lat' dir='ltr'><strong>facit</strong></span> <span class='ocrx_word' id='word_1_216' title='bbox 988 2356 1106 2418; x_wconf 82' lang='lat' dir='ltr'><strong>inritus.</strong></span> <span class='ocrx_word' id='word_1_217' title='bbox 1152 2358 1234 2430; x_wconf 84' lang='lat' dir='ltr'><strong>Quo-</strong></span> 
     </span>
     <span class='ocr_line' id='line_1_25' title="bbox 117 2444 1234 2523; baseline -0.003 -16"><span class='ocrx_word' id='word_1_218' title='bbox 117 2445 200 2507; x_wconf 87' lang='lat' dir='ltr'><strong>niam</strong></span> <span class='ocrx_word' id='word_1_219' title='bbox 222 2463 294 2506; x_wconf 87' lang='lat' dir='ltr'><strong>vero</strong></span> <span class='ocrx_word' id='word_1_220' title='bbox 325 2444 402 2506; x_wconf 87' lang='lat' dir='ltr'><strong>scire</strong></span> <span class='ocrx_word' id='word_1_221' title='bbox 431 2452 461 2506; x_wconf 90' lang='lat' dir='ltr'><strong>ct</strong></span> <span class='ocrx_word' id='word_1_222' title='bbox 488 2445 654 2523; x_wconf 89' lang='lat' dir='ltr'><strong>intelligere</strong></span> <span class='ocrx_word' id='word_1_223' title='bbox 682 2445 830 2507; x_wconf 87' lang='lat' dir='ltr'><strong>diversum</strong></span> <span class='ocrx_word' id='word_1_224' title='bbox 856 2451 919 2519; x_wconf 90' lang='lat' dir='ltr'><strong>est,</strong></span> <span class='ocrx_word' id='word_1_225' title='bbox 950 2445 1093 2517; x_wconf 88' lang='lat' dir='ltr'><strong>alterum,</strong></span> <span class='ocrx_word' id='word_1_226' title='bbox 1125 2445 1234 2507; x_wconf 89' lang='lat' dir='ltr'><strong>habere</strong></span> 
     </span>
     <span class='ocr_line' id='line_1_26' title="bbox 120 2532 1233 2612; baseline -0.002 -18"><span class='ocrx_word' id='word_1_227' title='bbox 120 2532 283 2605; x_wconf 89' lang='lat' dir='ltr'><strong>scientiam,</strong></span> <span class='ocrx_word' id='word_1_228' title='bbox 306 2532 441 2605; x_wconf 90' lang='lat' dir='ltr'><strong>alterum,</strong></span> <span class='ocrx_word' id='word_1_229' title='bbox 464 2533 506 2593; x_wconf 91' lang='lat' dir='ltr'><strong>uti</strong></span> <span class='ocrx_word' id='word_1_230' title='bbox 529 2532 668 2594; x_wconf 86' lang='lat' dir='ltr'><strong>scientia:</strong></span> <span class='ocrx_word' id='word_1_231' title='bbox 693 2533 761 2606; x_wconf 91' lang='lat' dir='ltr'><strong>ille,</strong></span> <span class='ocrx_word' id='word_1_232' title='bbox 783 2533 832 2612; x_wconf 95' lang='lat' dir='ltr'><strong>qui</strong></span> <span class='ocrx_word' id='word_1_233' title='bbox 853 2533 951 2606; x_wconf 88' lang='lat' dir='ltr'><strong>habet,</strong></span> <span class='ocrx_word' id='word_1_234' title='bbox 974 2533 1028 2593; x_wconf 92' lang='lat' dir='ltr'><strong>sed</strong></span> <span class='ocrx_word' id='word_1_235' title='bbox 1050 2552 1111 2594; x_wconf 92' lang='lat' dir='ltr'><strong>non</strong></span> <span class='ocrx_word' id='word_1_236' title='bbox 1133 2532 1233 2603; x_wconf 89' lang='lat' dir='ltr'><strong>utitur,</strong></span> 
     </span>
     <span class='ocr_line' id='line_1_27' title="bbox 120 2619 1234 2700; baseline -0.002 -18"><span class='ocrx_word' id='word_1_237' title='bbox 120 2640 157 2682; x_wconf 82' lang='lat' dir='ltr'><strong>cx</strong></span> <span class='ocrx_word' id='word_1_238' title='bbox 178 2639 237 2681; x_wconf 91' lang='lat' dir='ltr'><strong>una</strong></span> <span class='ocrx_word' id='word_1_239' title='bbox 256 2627 340 2700; x_wconf 89' lang='lat' dir='ltr'><strong>parte</strong></span> <span class='ocrx_word' id='word_1_240' title='bbox 362 2621 468 2682; x_wconf 91' lang='lat' dir='ltr'><strong>merito</strong></span> <span class='ocrx_word' id='word_1_241' title='bbox 492 2619 599 2681; x_wconf 87' lang='lat' dir='ltr'><strong>dicitur</strong></span> <span class='ocrx_word' id='word_1_242' title='bbox 619 2621 776 2698; x_wconf 92' lang='lat' dir='ltr'><strong>ignorans,</strong></span> <span class='ocrx_word' id='word_1_243' title='bbox 801 2640 836 2681; x_wconf 81' lang='lat' dir='ltr'><strong>ex</strong></span> <span class='ocrx_word' id='word_1_244' title='bbox 859 2620 950 2682; x_wconf 87' lang='lat' dir='ltr'><strong>altera</strong></span> <span class='ocrx_word' id='word_1_245' title='bbox 972 2627 1056 2699; x_wconf 90' lang='lat' dir='ltr'><strong>parte</strong></span> <span class='ocrx_word' id='word_1_246' title='bbox 1076 2621 1234 2693; x_wconf 89' lang='lat' dir='ltr'><strong>immerito,</strong></span> 
     </span>
     <span class='ocr_line' id='line_1_28' title="bbox 122 2706 1237 2788; baseline -0.002 -18"><span class='ocrx_word' id='word_1_247' title='bbox 122 2707 250 2788; x_wconf 83' lang='lat' dir='ltr'><strong>exempli</strong></span> <span class='ocrx_word' id='word_1_248' title='bbox 272 2707 363 2786; x_wconf 90' lang='lat' dir='ltr'><strong>gratia</strong></span> <span class='ocrx_word' id='word_1_249' title='bbox 380 2708 405 2769; x_wconf 93' lang='lat' dir='ltr'><strong>si</strong></span> <span class='ocrx_word' id='word_1_250' title='bbox 428 2726 483 2787; x_wconf 85' lang='lat' dir='ltr'><strong>por</strong></span> <span class='ocrx_word' id='word_1_251' title='bbox 501 2709 712 2786; x_wconf 85' lang='lat' dir='ltr'><strong>negligentiam</strong></span> <span class='ocrx_word' id='word_1_252' title='bbox 726 2728 788 2769; x_wconf 93' lang='lat' dir='ltr'><strong>non</strong></span> <span class='ocrx_word' id='word_1_253' title='bbox 813 2715 858 2769; x_wconf 94' lang='lat' dir='ltr'><strong>est</strong></span> <span class='ocrx_word' id='word_1_254' title='bbox 876 2728 957 2769; x_wconf 89' lang='lat' dir='ltr'><strong>usus.</strong></span> <span class='ocrx_word' id='word_1_255' title='bbox 991 2706 1132 2769; x_wconf 88' lang='lat' dir='ltr'><strong>Similiter</strong></span> <span class='ocrx_word' id='word_1_256' title='bbox 1148 2709 1237 2777; x_wconf 69' lang='lat' dir='ltr'><strong>etiarn</strong></span> 
     </span>
     <span class='ocr_line' id='line_1_29' title="bbox 75 2794 1236 2874; baseline 0 -20"><span class='ocrx_word' id='word_1_257' title='bbox 75 2809 104 2854; x_wconf 76' lang='lat'><strong>1⁵</strong></span> <span class='ocrx_word' id='word_1_258' title='bbox 122 2796 190 2869; x_wconf 90' lang='lat' dir='ltr'><strong>ille,</strong></span> <span class='ocrx_word' id='word_1_259' title='bbox 219 2795 268 2874; x_wconf 92' lang='lat' dir='ltr'><strong>qui</strong></span> <span class='ocrx_word' id='word_1_260' title='bbox 290 2815 351 2856; x_wconf 92' lang='lat' dir='ltr'><strong>non</strong></span> <span class='ocrx_word' id='word_1_261' title='bbox 374 2795 464 2857; x_wconf 92' lang='lat' dir='ltr'><strong>habet</strong></span> <span class='ocrx_word' id='word_1_262' title='bbox 484 2794 671 2857; x_wconf 86' lang='lat' dir='ltr'><strong>alicuiusrei</strong></span> <span class='ocrx_word' id='word_1_263' title='bbox 691 2796 860 2868; x_wconf 87' lang='lat' dir='ltr'><strong>scientiam,</strong></span> <span class='ocrx_word' id='word_1_264' title='bbox 883 2797 1044 2874; x_wconf 87' lang='lat' dir='ltr'><strong>vituperari</strong></span> <span class='ocrx_word' id='word_1_265' title='bbox 1067 2804 1183 2874; x_wconf 90' lang='lat' dir='ltr'><strong>potest,</strong></span> <span class='ocrx_word' id='word_1_266' title='bbox 1212 2795 1236 2856; x_wconf 89' lang='lat' dir='ltr'><strong>si</strong></span> 
     </span>
     <span class='ocr_line' id='line_1_30' title="bbox 122 2883 1236 2963; baseline 0 -19"><span class='ocrx_word' id='word_1_267' title='bbox 122 2883 162 2956; x_wconf 86' lang='lat' dir='ltr'><strong>id,</strong></span> <span class='ocrx_word' id='word_1_268' title='bbox 187 2883 266 2963; x_wconf 93' lang='lat' dir='ltr'><strong>quod</strong></span> <span class='ocrx_word' id='word_1_269' title='bbox 285 2883 366 2944; x_wconf 89' lang='lat' dir='ltr'><strong>scire.</strong></span> <span class='ocrx_word' id='word_1_270' title='bbox 385 2884 470 2945; x_wconf 88' lang='lat' dir='ltr'><strong>facile</strong></span> <span class='ocrx_word' id='word_1_271' title='bbox 493 2884 540 2945; x_wconf 93' lang='lat' dir='ltr'><strong>vel</strong></span> <span class='ocrx_word' id='word_1_272' title='bbox 559 2903 684 2945; x_wconf 89' lang='lat' dir='ltr'><strong>neccsse</strong></span> <span class='ocrx_word' id='word_1_273' title='bbox 707 2891 779 2956; x_wconf 88' lang='lat' dir='ltr'><strong>erat,</strong></span> <span class='ocrx_word' id='word_1_274' title='bbox 802 2901 863 2945; x_wconf 95' lang='lat' dir='ltr'><strong>non</strong></span> <span class='ocrx_word' id='word_1_275' title='bbox 886 2883 975 2944; x_wconf 90' lang='lat' dir='ltr'><strong>habet</strong></span> <span class='ocrx_word' id='word_1_276' title='bbox 996 2883 1147 2960; x_wconf 91' lang='lat' dir='ltr'><strong>cognitum</strong></span> <span class='ocrx_word' id='word_1_277' title='bbox 1163 2902 1236 2962; x_wconf 86' lang='lat' dir='ltr'><strong>pro-</strong></span> 
     </span>
     <span class='ocr_line' id='line_1_31' title="bbox 124 2970 1236 3051; baseline 0 -21"><span class='ocrx_word' id='word_1_278' title='bbox 124 2978 192 3051; x_wconf 88' lang='lat' dir='ltr'><strong>pter</strong></span> <span class='ocrx_word' id='word_1_279' title='bbox 222 2971 431 3049; x_wconf 89' lang='lat' dir='ltr'><strong>negligentiam</strong></span> <span class='ocrx_word' id='word_1_280' title='bbox 462 2971 509 3032; x_wconf 90' lang='lat' dir='ltr'><strong>vel</strong></span> <span class='ocrx_word' id='word_1_281' title='bbox 537 2972 720 3050; x_wconf 87' lang='lat' dir='ltr'><strong>voluptatem</strong></span> <span class='ocrx_word' id='word_1_282' title='bbox 747 2971 795 3032; x_wconf 86' lang='lat' dir='ltr'><strong>vel</strong></span> <span class='ocrx_word' id='word_1_283' title='bbox 825 2970 1000 3031; x_wconf 87' lang='lat' dir='ltr'><strong>molestiam.</strong></span> <span class='ocrx_word' id='word_1_284' title='bbox 1046 2970 1126 3031; x_wconf 86' lang='lat' dir='ltr'><strong>Haeo</strong></span> <span class='ocrx_word' id='word_1_285' title='bbox 1146 2970 1236 3048; x_wconf 90' lang='lat' dir='ltr'><strong>igitur</strong></span> 
     </span>
     <span class='ocr_line' id='line_1_32' title="bbox 121 3057 1236 3138; baseline -0.002 -18"><span class='ocrx_word' id='word_1_286' title='bbox 121 3060 246 3138; x_wconf 90' lang='lat' dir='ltr'><strong>insuper</strong></span> <span class='ocrx_word' id='word_1_287' title='bbox 273 3059 488 3137; x_wconf 89' lang='lat' dir='ltr'><strong>distinguenda.</strong></span> <span class='ocrx_word' id='word_1_288' title='bbox 532 3059 574 3120; x_wconf 84' lang='lat' dir='ltr'><strong>Ac</strong></span> <span class='ocrx_word' id='word_1_289' title='bbox 603 3059 639 3119; x_wconf 93' lang='lat' dir='ltr'><strong>de</strong></span> <span class='ocrx_word' id='word_1_290' title='bbox 662 3057 827 3120; x_wconf 89' lang='lat' dir='ltr'><strong>voluntario</strong></span> <span class='ocrx_word' id='word_1_291' title='bbox 851 3057 971 3137; x_wconf 91' lang='lat' dir='ltr'><strong>quidem</strong></span> <span class='ocrx_word' id='word_1_292' title='bbox 994 3064 1024 3118; x_wconf 90' lang='lat' dir='ltr'><strong>et</strong></span> <span class='ocrx_word' id='word_1_293' title='bbox 1045 3076 1107 3118; x_wconf 93' lang='lat' dir='ltr'><strong>non</strong></span> <span class='ocrx_word' id='word_1_294' title='bbox 1130 3058 1187 3133; x_wconf 45' lang='lat' dir='ltr'><strong>vol,</strong></span> <span class='ocrx_word' id='word_1_295' title='bbox 1222 3092 1236 3102; x_wconf 92' lang='lat'>-</span> 
     </span>
     <span class='ocr_line' id='line_1_33' title="bbox 122 3076 1220 3209; baseline -0.001 -1"><span class='ocrx_word' id='word_1_296' title='bbox 122 3146 197 3208; x_wconf 89' lang='lat' dir='ltr'><strong>tario</strong></span> <span class='ocrx_word' id='word_1_297' title='bbox 217 3147 291 3207; x_wconf 89' lang='lat' dir='ltr'><strong>haec</strong></span> <span class='ocrx_word' id='word_1_298' title='bbox 308 3149 460 3209; x_wconf 90' lang='lat' dir='ltr'><strong>hactenus.</strong></span> <span class='ocrx_word' id='word_1_299' title='bbox 1118 3191 1120 3195; x_wconf 85' lang='lat'>-</span> <span class='ocrx_word' id='word_1_300' title='bbox 1178 3076 1220 3207; x_wconf 50' lang='grc' dir='ltr'><strong>ἲ</strong></span> 
     </span>
     <span class='ocr_line' id='line_1_34' title="bbox 79 3230 1237 3312; baseline -0.006 -13"><span class='ocrx_word' id='word_1_301' title='bbox 79 3230 123 3299; x_wconf 83' lang='lat' dir='ltr'><strong>ld</strong></span> <span class='ocrx_word' id='word_1_302' title='bbox 211 3233 272 3294; x_wconf 93' lang='lat' dir='ltr'><strong>lam</strong></span> <span class='ocrx_word' id='word_1_303' title='bbox 295 3235 453 3296; x_wconf 91' lang='lat' dir='ltr'><strong>dicendum</strong></span> <span class='ocrx_word' id='word_1_304' title='bbox 476 3241 521 3303; x_wconf 84' lang='lat' dir='ltr'><strong>est</strong></span> <span class='ocrx_word' id='word_1_305' title='bbox 539 3236 576 3296; x_wconf 93' lang='lat' dir='ltr'><strong>de</strong></span> <span class='ocrx_word' id='word_1_306' title='bbox 602 3235 754 3295; x_wconf 85' lang='lat' dir='ltr'><strong>voluntate</strong></span> <span class='ocrx_word' id='word_1_307' title='bbox 774 3233 950 3305; x_wconf 90' lang='lat' dir='ltr'><strong>deliberata,</strong></span> <span class='ocrx_word' id='word_1_308' title='bbox 981 3231 1152 3312; x_wconf 89' lang='lat' dir='ltr'><strong>praemissis</strong></span> <span class='ocrx_word' id='word_1_309' title='bbox 1175 3232 1237 3312; x_wconf 94' lang='lat' dir='ltr'><strong>pri-</strong></span> 
     </span>
     <span class='ocr_line' id='line_1_35' title="bbox 125 3318 1237 3402; baseline -0.002 -19"><span class='ocrx_word' id='word_1_310' title='bbox 125 3341 206 3383; x_wconf 91' lang='lat' dir='ltr'><strong>mum</strong></span> <span class='ocrx_word' id='word_1_311' title='bbox 229 3322 406 3400; x_wconf 89' lang='lat' dir='ltr'><strong>quibusdam</strong></span> <span class='ocrx_word' id='word_1_312' title='bbox 437 3318 676 3385; x_wconf 87' lang='lat' dir='ltr'><strong>dubitationibus.</strong></span> <span class='ocrx_word' id='word_1_313' title='bbox 728 3321 863 3402; x_wconf 79' lang='lat' dir='ltr'><strong>Ambigat</strong></span> <span class='ocrx_word' id='word_1_314' title='bbox 892 3320 970 3381; x_wconf 89' lang='lat' dir='ltr'><strong>enim</strong></span> <span class='ocrx_word' id='word_1_315' title='bbox 1001 3321 1126 3381; x_wconf 85' lang='lat' dir='ltr'><strong>sortasse</strong></span> <span class='ocrx_word' id='word_1_316' title='bbox 1156 3321 1237 3401; x_wconf 90' lang='lat' dir='ltr'><strong>quis-</strong></span> 
     </span>
     <span class='ocr_line' id='line_1_36' title="bbox 79 3408 1238 3490; baseline 0.001 -23"><span class='ocrx_word' id='word_1_317' title='bbox 79 3423 108 3467; x_wconf 78' lang='lat' dir='ltr'><strong>ao</strong></span> <span class='ocrx_word' id='word_1_318' title='bbox 127 3409 222 3489; x_wconf 87' lang='lat' dir='ltr'><strong>piam,</strong></span> <span class='ocrx_word' id='word_1_319' title='bbox 244 3409 275 3469; x_wconf 94' lang='lat' dir='ltr'><strong>in</strong></span> <span class='ocrx_word' id='word_1_320' title='bbox 298 3430 355 3490; x_wconf 92' lang='lat' dir='ltr'><strong>quo</strong></span> <span class='ocrx_word' id='word_1_321' title='bbox 379 3429 488 3488; x_wconf 89' lang='lat' dir='ltr'><strong>genere</strong></span> <span class='ocrx_word' id='word_1_322' title='bbox 511 3429 544 3470; x_wconf 91' lang='lat' dir='ltr'><strong>ea</strong></span> <span class='ocrx_word' id='word_1_323' title='bbox 564 3411 733 3488; x_wconf 87' lang='lat' dir='ltr'><strong>quaerenda</strong></span> <span class='ocrx_word' id='word_1_324' title='bbox 757 3417 786 3470; x_wconf 90' lang='lat' dir='ltr'><strong>et</strong></span> <span class='ocrx_word' id='word_1_325' title='bbox 803 3410 835 3471; x_wconf 84' lang='lat' dir='ltr'><strong>in</strong></span> <span class='ocrx_word' id='word_1_326' title='bbox 854 3408 931 3487; x_wconf 91' lang='lat' dir='ltr'><strong>quali</strong></span> <span class='ocrx_word' id='word_1_327' title='bbox 953 3408 1093 3487; x_wconf 87' lang='lat' dir='ltr'><strong>ponenda</strong></span> <span class='ocrx_word' id='word_1_328' title='bbox 1117 3409 1168 3481; x_wconf 89' lang='lat' dir='ltr'><strong>sit,</strong></span> <span class='ocrx_word' id='word_1_329' title='bbox 1193 3416 1238 3469; x_wconf 93' lang='lat' dir='ltr'><strong>at-</strong></span> 
     </span>
     <span class='ocr_line' id='line_1_37' title="bbox 128 3495 1237 3576; baseline -0.002 -18"><span class='ocrx_word' id='word_1_330' title='bbox 128 3504 298 3576; x_wconf 86' lang='lat' dir='ltr'><strong>queutrum</strong></span> <span class='ocrx_word' id='word_1_331' title='bbox 317 3498 465 3558; x_wconf 88' lang='lat' dir='ltr'><strong>diversum</strong></span> <span class='ocrx_word' id='word_1_332' title='bbox 478 3498 515 3557; x_wconf 91' lang='lat' dir='ltr'><strong>sit</strong></span> <span class='ocrx_word' id='word_1_333' title='bbox 526 3498 724 3559; x_wconf 87' lang='lat' dir='ltr'><strong>voluntarium</strong></span> <span class='ocrx_word' id='word_1_334' title='bbox 738 3506 768 3559; x_wconf 89' lang='lat' dir='ltr'><strong>et</strong></span> <span class='ocrx_word' id='word_1_335' title='bbox 780 3496 930 3559; x_wconf 88' lang='lat' dir='ltr'><strong>voluntate</strong></span> <span class='ocrx_word' id='word_1_336' title='bbox 945 3495 1106 3558; x_wconf 89' lang='lat' dir='ltr'><strong>deliberata</strong></span> <span class='ocrx_word' id='word_1_337' title='bbox 1119 3498 1237 3570; x_wconf 84' lang='lat' dir='ltr'><strong>lactum,</strong></span> 
     </span>
     <span class='ocr_line' id='line_1_38' title="bbox 125 3582 1238 3666; baseline 0.002 -22"><span class='ocrx_word' id='word_1_338' title='bbox 125 3603 162 3645; x_wconf 91' lang='lat' dir='ltr'><strong>an</strong></span> <span class='ocrx_word' id='word_1_339' title='bbox 183 3584 222 3645; x_wconf 93' lang='lat' dir='ltr'><strong>sit</strong></span> <span class='ocrx_word' id='word_1_340' title='bbox 239 3585 327 3646; x_wconf 89' lang='lat' dir='ltr'><strong>idem.</strong></span> <span class='ocrx_word' id='word_1_341' title='bbox 372 3585 495 3646; x_wconf 86' lang='lat' dir='ltr'><strong>Maxime</strong></span> <span class='ocrx_word' id='word_1_342' title='bbox 518 3593 616 3646; x_wconf 88' lang='lat' dir='ltr'><strong>autem</strong></span> <span class='ocrx_word' id='word_1_343' title='bbox 640 3586 831 3647; x_wconf 90' lang='lat' dir='ltr'><strong>contenditur</strong></span> <span class='ocrx_word' id='word_1_344' title='bbox 852 3605 867 3646; x_wconf 92' lang='lat' dir='ltr'><strong>a</strong></span> <span class='ocrx_word' id='word_1_345' title='bbox 891 3582 1076 3664; x_wconf 92' lang='lat' dir='ltr'><strong>quibusdam,</strong></span> <span class='ocrx_word' id='word_1_346' title='bbox 1101 3592 1130 3645; x_wconf 92' lang='lat' dir='ltr'><strong>ct</strong></span> <span class='ocrx_word' id='word_1_347' title='bbox 1149 3605 1238 3666; x_wconf 91' lang='lat' dir='ltr'><strong>quae-</strong></span> 
     </span>
     <span class='ocr_line' id='line_1_39' title="bbox 125 3671 1239 3746; baseline 0.001 -14"><span class='ocrx_word' id='word_1_348' title='bbox 125 3671 203 3733; x_wconf 89' lang='lat' dir='ltr'><strong>renti</strong></span> <span class='ocrx_word' id='word_1_349' title='bbox 232 3673 359 3734; x_wconf 86' lang='lat' dir='ltr'><strong>sortasse</strong></span> <span class='ocrx_word' id='word_1_350' title='bbox 385 3674 471 3734; x_wconf 86' lang='lat' dir='ltr'><strong>etiam</strong></span> <span class='ocrx_word' id='word_1_351' title='bbox 500 3673 539 3733; x_wconf 91' lang='lat' dir='ltr'><strong>ita</strong></span> <span class='ocrx_word' id='word_1_352' title='bbox 567 3674 716 3746; x_wconf 84' lang='lat' dir='ltr'><strong>videatur,</strong></span> <span class='ocrx_word' id='word_1_353' title='bbox 748 3674 930 3736; x_wconf 87' lang='lat' dir='ltr'><strong>voluntatem</strong></span> <span class='ocrx_word' id='word_1_354' title='bbox 958 3672 1150 3733; x_wconf 87' lang='lat' dir='ltr'><strong>deliberatam</strong></span> <span class='ocrx_word' id='word_1_355' title='bbox 1173 3693 1239 3734; x_wconf 87' lang='lat' dir='ltr'><strong>esse</strong></span> 
     </span>
     <span class='ocr_line' id='line_1_40' title="bbox 126 3760 1237 3841; baseline 0 -21"><span class='ocrx_word' id='word_1_356' title='bbox 126 3778 218 3820; x_wconf 92' lang='lat' dir='ltr'><strong>unum</strong></span> <span class='ocrx_word' id='word_1_357' title='bbox 239 3780 273 3820; x_wconf 85' lang='lat' dir='ltr'><strong>ex</strong></span> <span class='ocrx_word' id='word_1_358' title='bbox 292 3760 337 3821; x_wconf 91' lang='lat' dir='ltr'><strong>his</strong></span> <span class='ocrx_word' id='word_1_359' title='bbox 356 3761 486 3833; x_wconf 77' lang='lat' dir='ltr'><strong>duobuS,</strong></span> <span class='ocrx_word' id='word_1_360' title='bbox 510 3761 623 3822; x_wconf 89' lang='lat' dir='ltr'><strong>scilicet</strong></span> <span class='ocrx_word' id='word_1_361' title='bbox 645 3770 695 3823; x_wconf 90' lang='lat' dir='ltr'><strong>aut</strong></span> <span class='ocrx_word' id='word_1_362' title='bbox 717 3762 918 3841; x_wconf 88' lang='lat' dir='ltr'><strong>opinationem</strong></span> <span class='ocrx_word' id='word_1_363' title='bbox 941 3767 991 3820; x_wconf 92' lang='lat' dir='ltr'><strong>aut</strong></span> <span class='ocrx_word' id='word_1_364' title='bbox 1009 3761 1237 3840; x_wconf 90' lang='lat' dir='ltr'><strong>appetitionem:</strong></span> 
     </span>
     <span class='ocr_line' id='line_1_41' title="bbox 126 3848 969 3926; baseline -0.001 -18"><span class='ocrx_word' id='word_1_365' title='bbox 126 3856 285 3926; x_wconf 87' lang='lat' dir='ltr'><strong>utrumque</strong></span> <span class='ocrx_word' id='word_1_366' title='bbox 307 3848 385 3909; x_wconf 92' lang='lat' dir='ltr'><strong>enim</strong></span> <span class='ocrx_word' id='word_1_367' title='bbox 410 3868 476 3910; x_wconf 88' lang='lat' dir='ltr'><strong>cum</strong></span> <span class='ocrx_word' id='word_1_368' title='bbox 497 3868 531 3908; x_wconf 91' lang='lat' dir='ltr'><strong>ea</strong></span> <span class='ocrx_word' id='word_1_369' title='bbox 548 3849 739 3910; x_wconf 86' lang='lat' dir='ltr'><strong>coniunctum</strong></span> <span class='ocrx_word' id='word_1_370' title='bbox 757 3869 823 3910; x_wconf 89' lang='lat' dir='ltr'><strong>esse</strong></span> <span class='ocrx_word' id='word_1_371' title='bbox 845 3849 969 3909; x_wconf 89' lang='lat' dir='ltr'><strong>videtur.</strong></span> 
     </span>
     <span class='ocr_line' id='line_1_42' title="bbox 210 3933 1240 4013; baseline 0.001 -19"><span class='ocrx_word' id='word_1_372' title='bbox 210 3935 247 3995; x_wconf 78' lang='lat' dir='ltr'><strong>At</strong></span> <span class='ocrx_word' id='word_1_373' title='bbox 268 3955 338 3998; x_wconf 89' lang='lat' dir='ltr'><strong>vero</strong></span> <span class='ocrx_word' id='word_1_374' title='bbox 358 3936 538 3997; x_wconf 89' lang='lat' dir='ltr'><strong>voluntatem</strong></span> <span class='ocrx_word' id='word_1_375' title='bbox 560 3937 749 3997; x_wconf 88' lang='lat' dir='ltr'><strong>deliberatam</strong></span> <span class='ocrx_word' id='word_1_376' title='bbox 769 3956 829 3996; x_wconf 92' lang='lat' dir='ltr'><strong>non</strong></span> <span class='ocrx_word' id='word_1_377' title='bbox 849 3953 915 3996; x_wconf 89' lang='lat' dir='ltr'><strong>esse</strong></span> <span class='ocrx_word' id='word_1_378' title='bbox 937 3933 1149 4013; x_wconf 88' lang='lat' dir='ltr'><strong>appetitionem</strong></span> <span class='ocrx_word' id='word_1_379' title='bbox 1171 3933 1240 3995; x_wconf 90' lang='lat' dir='ltr'><strong>hinc</strong></span> 
     </span>
     <span class='ocr_line' id='line_1_43' title="bbox 81 4021 1240 4102; baseline -0.002 -19"><span class='ocrx_word' id='word_1_380' title='bbox 81 4033 109 4076; x_wconf 73' lang='lat'><strong>2⁵</strong></span> <span class='ocrx_word' id='word_1_381' title='bbox 127 4023 317 4102; x_wconf 87' lang='lat' dir='ltr'><strong>intelligitur,</strong></span> <span class='ocrx_word' id='word_1_382' title='bbox 348 4026 427 4101; x_wconf 91' lang='lat' dir='ltr'><strong>quod</strong></span> <span class='ocrx_word' id='word_1_383' title='bbox 449 4024 489 4084; x_wconf 89' lang='lat' dir='ltr'><strong>ita</strong></span> <span class='ocrx_word' id='word_1_384' title='bbox 511 4031 561 4085; x_wconf 91' lang='lat' dir='ltr'><strong>aut</strong></span> <span class='ocrx_word' id='word_1_385' title='bbox 586 4025 721 4085; x_wconf 84' lang='lat' dir='ltr'><strong>voluntas</strong></span> <span class='ocrx_word' id='word_1_386' title='bbox 741 4024 772 4084; x_wconf 92' lang='lat' dir='ltr'><strong>in</strong></span> <span class='ocrx_word' id='word_1_387' title='bbox 792 4023 963 4084; x_wconf 92' lang='lat' dir='ltr'><strong>universum</strong></span> <span class='ocrx_word' id='word_1_388' title='bbox 986 4027 1065 4080; x_wconf 88' lang='lat' dir='ltr'><strong>esset</strong></span> <span class='ocrx_word' id='word_1_389' title='bbox 1087 4028 1137 4081; x_wconf 90' lang='lat' dir='ltr'><strong>aut</strong></span> <span class='ocrx_word' id='word_1_390' title='bbox 1155 4021 1240 4100; x_wconf 91' lang='lat' dir='ltr'><strong>cupi-</strong></span> 
     </span>
     <span class='ocr_line' id='line_1_44' title="bbox 127 4105 1239 4190; baseline 0 -20"><span class='ocrx_word' id='word_1_391' title='bbox 127 4111 202 4171; x_wconf 92' lang='lat' dir='ltr'><strong>ditas</strong></span> <span class='ocrx_word' id='word_1_392' title='bbox 224 4119 274 4171; x_wconf 90' lang='lat' dir='ltr'><strong>aut</strong></span> <span class='ocrx_word' id='word_1_393' title='bbox 297 4115 397 4172; x_wconf 88' lang='lat' dir='ltr'><strong>lervor</strong></span> <span class='ocrx_word' id='word_1_394' title='bbox 416 4112 534 4190; x_wconf 89' lang='lat' dir='ltr'><strong>quidam</strong></span> <span class='ocrx_word' id='word_1_395' title='bbox 556 4111 644 4172; x_wconf 90' lang='lat' dir='ltr'><strong>animi</strong></span> <span class='ocrx_word' id='word_1_396' title='bbox 664 4112 710 4172; x_wconf 91' lang='lat' dir='ltr'><strong>vel</strong></span> <span class='ocrx_word' id='word_1_397' title='bbox 730 4111 790 4170; x_wconf 89' lang='lat' dir='ltr'><strong>ira:</strong></span> <span class='ocrx_word' id='word_1_398' title='bbox 818 4129 907 4170; x_wconf 90' lang='lat' dir='ltr'><strong>nemo</strong></span> <span class='ocrx_word' id='word_1_399' title='bbox 930 4108 1025 4180; x_wconf 89' lang='lat' dir='ltr'><strong>enim,</strong></span> <span class='ocrx_word' id='word_1_400' title='bbox 1054 4105 1110 4168; x_wconf 88' lang='lat' dir='ltr'><strong>uisi</strong></span> <span class='ocrx_word' id='word_1_401' title='bbox 1132 4109 1239 4170; x_wconf 91' lang='lat' dir='ltr'><strong>horum</strong></span> 
     </span>
     <span class='ocr_line' id='line_1_45' title="bbox 127 4193 1239 4278; baseline -0.001 -20"><span class='ocrx_word' id='word_1_402' title='bbox 127 4198 236 4277; x_wconf 91' lang='lat' dir='ltr'><strong>aliquid</strong></span> <span class='ocrx_word' id='word_1_403' title='bbox 255 4200 286 4260; x_wconf 93' lang='lat' dir='ltr'><strong>in</strong></span> <span class='ocrx_word' id='word_1_404' title='bbox 309 4199 406 4259; x_wconf 88' lang='lat' dir='ltr'><strong>animo</strong></span> <span class='ocrx_word' id='word_1_405' title='bbox 430 4200 534 4271; x_wconf 85' lang='lat' dir='ltr'><strong>l&#39;uerit,</strong></span> <span class='ocrx_word' id='word_1_406' title='bbox 558 4200 716 4278; x_wconf 88' lang='lat' dir='ltr'><strong>quidquam</strong></span> <span class='ocrx_word' id='word_1_407' title='bbox 739 4198 862 4277; x_wconf 90' lang='lat' dir='ltr'><strong>appetit.</strong></span> <span class='ocrx_word' id='word_1_408' title='bbox 904 4195 992 4274; x_wconf 81' lang='lat' dir='ltr'><strong>Atqui</strong></span> <span class='ocrx_word' id='word_1_409' title='bbox 1013 4193 1101 4256; x_wconf 92' lang='lat' dir='ltr'><strong>animi</strong></span> <span class='ocrx_word' id='word_1_410' title='bbox 1121 4196 1239 4273; x_wconf 90' lang='lat' dir='ltr'><strong>quidem</strong></span> 
     </span>
     <span class='ocr_line' id='line_1_46' title="bbox 126 4282 1239 4366; baseline 0.001 -21"><span class='ocrx_word' id='word_1_411' title='bbox 126 4287 227 4346; x_wconf 81' lang='lat' dir='ltr'><strong>fervor</strong></span> <span class='ocrx_word' id='word_1_412' title='bbox 245 4287 291 4347; x_wconf 88' lang='lat' dir='ltr'><strong>vel</strong></span> <span class='ocrx_word' id='word_1_413' title='bbox 314 4287 357 4347; x_wconf 86' lang='lat' dir='ltr'><strong>ira</strong></span> <span class='ocrx_word' id='word_1_414' title='bbox 375 4287 504 4366; x_wconf 88' lang='lat' dir='ltr'><strong>itemque</strong></span> <span class='ocrx_word' id='word_1_415' title='bbox 526 4287 671 4366; x_wconf 86' lang='lat' dir='ltr'><strong>cupiditas</strong></span> <span class='ocrx_word' id='word_1_416' title='bbox 694 4286 780 4347; x_wconf 91' lang='lat' dir='ltr'><strong>etiam</strong></span> <span class='ocrx_word' id='word_1_417' title='bbox 802 4285 833 4345; x_wconf 90' lang='lat' dir='ltr'><strong>in</strong></span> <span class='ocrx_word' id='word_1_418' title='bbox 852 4284 959 4347; x_wconf 89' lang='lat' dir='ltr'><strong>belluis</strong></span> <span class='ocrx_word' id='word_1_419' title='bbox 981 4282 1074 4343; x_wconf 86' lang='lat' dir='ltr'><strong>inest:</strong></span> <span class='ocrx_word' id='word_1_420' title='bbox 1105 4285 1239 4346; x_wconf 89' lang='lat' dir='ltr'><strong>voluntas</strong></span> 
     </span>
     <span class='ocr_line' id='line_1_47' title="bbox 129 4370 1241 4452; baseline 0.001 -19"><span class='ocrx_word' id='word_1_421' title='bbox 129 4373 291 4436; x_wconf 87' lang='lat' dir='ltr'><strong>deliberata</strong></span> <span class='ocrx_word' id='word_1_422' title='bbox 311 4393 372 4437; x_wconf 90' lang='lat' dir='ltr'><strong>non</strong></span> <span class='ocrx_word' id='word_1_423' title='bbox 394 4376 474 4435; x_wconf 89' lang='lat' dir='ltr'><strong>item.</strong></span> <span class='ocrx_word' id='word_1_424' title='bbox 520 4374 647 4446; x_wconf 84' lang='lat' dir='ltr'><strong>Adhaec,</strong></span> <span class='ocrx_word' id='word_1_425' title='bbox 669 4373 774 4452; x_wconf 93' lang='lat' dir='ltr'><strong>quibus</strong></span> <span class='ocrx_word' id='word_1_426' title='bbox 797 4372 899 4433; x_wconf 93' lang='lat' dir='ltr'><strong>insunt</strong></span> <span class='ocrx_word' id='word_1_427' title='bbox 920 4374 994 4433; x_wconf 83' lang='lat' dir='ltr'><strong>hacc</strong></span> <span class='ocrx_word' id='word_1_428' title='bbox 1015 4370 1085 4443; x_wconf 91' lang='lat' dir='ltr'><strong>duo,</strong></span> <span class='ocrx_word' id='word_1_429' title='bbox 1108 4370 1129 4431; x_wconf 93' lang='lat' dir='ltr'><strong>ii</strong></span> <span class='ocrx_word' id='word_1_430' title='bbox 1149 4373 1241 4434; x_wconf 90' lang='lat' dir='ltr'><strong>multa</strong></span> 
     </span>
     <span class='ocr_line' id='line_1_48' title="bbox 127 4458 1241 4551; baseline -0.001 -28"><span class='ocrx_word' id='word_1_431' title='bbox 127 4467 228 4525; x_wconf 71' lang='lat' dir='ltr'><strong>muron</strong></span> <span class='ocrx_word' id='word_1_432' title='bbox 245 4460 313 4529; x_wconf 80' lang='lat' dir='ltr'><strong>sina</strong></span> <span class='ocrx_word' id='word_1_433' title='bbox 333 4461 378 4527; x_wconf 88' lang='lat' dir='ltr'><strong>ira</strong></span> <span class='ocrx_word' id='word_1_434' title='bbox 400 4469 431 4524; x_wconf 90' lang='lat' dir='ltr'><strong>et</strong></span> <span class='ocrx_word' id='word_1_435' title='bbox 448 4461 607 4544; x_wconf 90' lang='lat' dir='ltr'><strong>cupiditate</strong></span> <span class='ocrx_word' id='word_1_436' title='bbox 626 4466 804 4551; x_wconf 72' lang='lat' dir='ltr'><strong>propouuqt</strong></span> <span class='ocrx_word' id='word_1_437' title='bbox 819 4459 877 4524; x_wconf 87' lang='lat' dir='ltr'><strong>sibi</strong></span> <span class='ocrx_word' id='word_1_438' title='bbox 901 4458 1014 4540; x_wconf 89' lang='lat' dir='ltr'><strong>agenda</strong></span> <span class='ocrx_word' id='word_1_439' title='bbox 1036 4458 1165 4522; x_wconf 87' lang='lat' dir='ltr'><strong>adhibito</strong></span> <span class='ocrx_word' id='word_1_440' title='bbox 1188 4461 1241 4523; x_wconf 91' lang='lat' dir='ltr'><strong>de-</strong></span> 
     </span>
     <span class='ocr_line' id='line_1_49' title="bbox 73 4558 1091 4625; baseline 0 -19"><span class='ocrx_word' id='word_1_441' title='bbox 73 4559 119 4606; x_wconf 76' lang='lat' dir='ltr'><strong>tto.</strong></span> <span class='ocrx_word' id='word_1_442' title='bbox 140 4558 197 4607; x_wconf 75' lang='lat' dir='ltr'><strong>llud.</strong></span> <span class='ocrx_word' id='word_1_443' title='bbox 290 4562 312 4611; x_wconf 85' lang='grc'><strong>·,</strong></span> <span class='ocrx_word' id='word_1_444' title='bbox 1052 4564 1091 4625; x_wconf 80' lang='lat'><strong>19</strong></span> 
     </span>
    </p>
   </div>
   <div class='ocr_carea' id='block_1_3' title="bbox 0 0 1404 4836">
    <p class='ocr_par' dir='ltr' id='par_1_3' title="bbox 0 0 1404 4836">
     <span class='ocr_line' id='line_1_50' title="bbox 0 0 1404 4836; baseline 0 0"><span class='ocrx_word' id='word_1_445' title='bbox 0 0 1404 4836; x_wconf 95' lang='lat' dir='ltr'><strong> </strong></span> 
     </span>
    </p>
   </div>
  </div>
 </body>
</html>
