2784 4838
621 209 679 280 111.
708 215 741 281 7.
935 146 937 151 ¹
1182 148 1292 297 '1307

85 394 366 473 :asaavituperanda
396 404 474 456 sunt.
535 398 634 470 Quum
659 417 730 458 vero
764 399 838 460 duae
872 398 932 458 sint
967 400 1084 479 species
1118 404 1289 469 urbanitatis

130 495 155 537 11
175 480 263 559 (alter
293 482 371 542 enim
394 483 575 544 1111111111
598 485 703 563 gaudio
725 504 758 545 ex
788 505 821 546 re
849 485 988 558 ridicula,
1015 486 1062 547 vel
1085 489 1115 548 in
1138 510 1171 551 se
1191 492 1289 572 ipsum

175 571 325 640 coniecta,
350 570 560 648 percipiendo,
582 571 746 650 siquidem
769 591 817 634 res
839 572 928 633 luerit
950 593 1019 634 vere
1041 574 1180 649 ridicula,
1206 581 1289 642 cuius

174 655 292 732 generis
315 675 446 717 scomma
474 666 534 718 est:
558 659 649 719 altera
672 668 809 721 versatur
835 659 864 720 in
893 679 946 732 eo,
982 667 1015 721 ut
1040 660 1122 722 iocos
1142 664 1289 746 ludosque

172 743 235 802 aliis
259 743 398 805 exhibere
423 745 549 824 possis):
580 747 635 806 bae
652 746 735 806 inter
759 766 791 807 se
819 746 937 825 quidem
968 747 1100 809 diversae
1123 762 1209 825 sunt,
1235 755 1289 814 sed

173 831 275 891 ambae
296 838 393 892 tamen
417 832 646 894 mediocritates,
689 833 762 894 Nam
785 834 834 912 qui
853 842 935 895 recte
954 835 1045 895 sentit
1065 854 1100 896 ac
1120 837 1229 900 iudicat
1251 842 1288 901 de

174 938 227 989 eo,
252 917 301 997 qui
324 919 407 991 talia,
431 920 469 979 ob
489 939 564 998 quae
583 922 708 1000 gaudeat
728 940 762 981 ac
784 921 879 982 rideat
901 922 993 994 alter,
1017 922 1156 985 exhibere
1178 935 1287 1006 potest,

126 1018 154 1060 ao
175 1005 286 1066 etiamsi
312 1005 344 1066 11
371 1026 404 1066 se
426 1006 524 1086 ipsum
548 1008 704 1069 dicterium
728 1008 838 1069 dictum
861 1008 912 1081 sit,
946 1007 971 1070 is
994 1008 1109 1074 modius
1133 1012 1189 1073 erit
1209 1014 1289 1076 iuter

172 1111 306 1153 scurram
326 1093 531 1173 importunum
551 1103 581 1156 et
598 1095 749 1157 bominem
769 1094 884 1156 lentum
901 1114 936 1156 ac
954 1094 1104 1173 frigidum.
1139 1098 1220 1162 Haec
1235 1121 1288 1163 au·

173 1189 233 1241 1111
253 1180 383 1241 definitio
406 1181 584 1254 meliorest,
608 1182 738 1262 quamsi
762 1182 903 1254 dicamus,
924 1182 1034 1243 dictum
1056 1201 1090 1245 ac
1107 1184 1206 1248 iocum
1226 1209 1287 1250 non

176 1268 287 1329 debere
309 1268 448 1329 acerbum
473 1289 538 1330 esse
557 1269 669 1331 homiui
692 1269 800 1342 deriso,
824 1268 918 1348 qualis
940 1267 990 1330 ille
1010 1288 1127 1351 cunque
1146 1273 1196 1335 sit:
1219 1295 1287 1336 nain

175 1355 217 1417 illi
237 1353 346 1434 potius,
370 1355 420 1433 qui
435 1357 639 1418 mediocritate
660 1375 695 1418 ac
709 1356 915 1419 moderatione
931 1355 1083 1437 praeditus
1100 1367 1154 1433 est,
1177 1361 1287 1425 dictum

171 1462 205 1503 ac
227 1442 309 1503 iocus
333 1442 452 1521 placere
470 1444 574 1506 debet:
593 1444 640 1504 bic
664 1443 743 1505 euim
763 1452 846 1506 recto
863 1442 982 1507 iudicat.

257 1531 366 1591 Verum
390 1550 494 1591 omnes
516 1533 572 1593 bae
599 1531 818 1593 mediocritates
840 1531 1001 1594 laudabiles
1022 1531 1158 1610 quidem,
1188 1554 1286 1616 neque

173 1626 271 1679 tamen
290 1617 413 1678 virtutes
432 1626 511 1691 sunt,
532 1639 588 1680 nec
608 1618 725 1680 babitus
748 1619 794 1680 bis
814 1617 954 1680 contrarii
976 1618 1044 1680 vitia
1064 1619 1122 1682 dici
1144 1630 1286 1702 possunt:

123 1720 152 1762 11
173 1705 317 1766 exsistunt
340 1705 418 1766 enim
438 1705 502 1766 sine
522 1706 672 1767 voluntate
695 1726 729 1768 ac
752 1706 817 1768 sinc
835 1705 959 1767 consilio
984 1706 1154 1768 deliberato.
1188 1710 1287 1782 Quare

171 1812 221 1853 eas
245 1792 324 1853 inter
346 1793 501 1872 passiones
525 1793 763 1867 numeravimuS‚
799 1793 879 1874 quod
902 1810 1094 1872 unaquaeque
1117 1813 1219 1857 earum
1242 1805 1287 1858 est

172 1881 315 1959 quaedam
336 1880 444 1958 passio.
490 1881 548 1942 Sed
565 1880 705 1960 quoniam
721 1882 776 1942 bae
793 1880 964 1942 affectiones
982 1879 1131 1942 naturales
1151 1891 1229 1955 suut,
1250 1885 1286 1944 ad

172 1967 320 2028 naturales
340 1968 427 2028 etiam
452 1968 573 2029 virtutes
597 1969 770 2028 conserunt:
794 1975 840 2028 est
861 1967 949 2038 enim,
972 1974 1004 2028 ut
1024 1966 1101 2029 inira
1122 1968 1285 2040 docebitur,

172 2074 364 2133 unaquaeque
390 2054 480 2116 virtus
498 2063 528 2116 et
550 2057 655 2116 naturai
678 2062 707 2115 et
728 2055 785 2114 alio
805 2053 905 2126 modo,
929 2054 1047 2132 quando
1068 2055 1224 2117 coniuncta
1242 2066 1287 2118 est

126 2156 155 2198 so
175 2162 242 2202 cum
270 2141 439 2222 prudentia.
486 2142 597 2203 lnvidia
623 2141 712 2220 igitur
740 2143 777 2202 ad
806 2140 978 2203 iniustitiam
1001 2141 1118 2203 confert
1145 2142 1227 2223 (nam
1249 2145 1286 2206 ad

172 2229 261 2290 abum
284 2237 421 2307 spectant
446 2229 577 2290 actiones
600 2229 636 2291 ab
658 2229 766 2290 invidia
788 2227 945 2306 lluentes),
967 2228 1042 2289 iusta
1063 2227 1226 2308 indignatio
1249 2232 1286 2292 ad

170 2316 326 2388 iustitiam,
365 2317 542 2378 verecundia
573 2316 610 2377 ad
644 2316 870 2397 temperantiam
901 2335 935 2376 ac
963 2315 1175 2395 frugalitatem:
1206 2318 1286 2379 undo

171 2405 258 2464 etiam
290 2404 514 2483 temperantiam
544 2404 662 2482 qaudam
694 2404 730 2464 ad
757 2404 814 2465 boc
843 2422 937 2482 genus
968 2421 1069 2464 rerum
1098 2403 1286 2466 laudabilium

171 2493 313 2552 referunt.
350 2492 443 2551 Verax
464 2498 563 2553 autem
581 2499 611 2552 et
632 2491 816 2553 1111111111
841 2490 982 2551 dillerunt
1003 2498 1037 2552 ut
1052 2489 1128 2553 alter
1146 2491 1184 2552 sit
1204 2512 1286 2554 com-

80 2590 142 2641 1111,
151 2590 229 2657 opos
255 2578 448 2658 prudentiae,
482 2578 556 2638 alter
584 2597 700 2658 expers.
753 2577 882 2639 Medium
911 2586 1009 2640 autem
1037 2577 1175 2640 extremis
1194 2579 1287 2658 magis

173 2665 353 2726 contrarium
377 2673 422 2726 est
439 2684 526 2745 quarn
549 2665 596 2726 illa
620 2664 692 2737 sibi,
716 2673 877 2745 propterea
898 2664 978 2744 quod
999 2663 1072 2726 illud
1092 2684 1159 2727 cum
1178 2672 1286 2728 neutro

173 2753 241 2812 sitio
264 2753 469 2830 coniungitur,
498 2752 546 2812 illa
572 2751 637 2812 vitia
658 2759 756 2813 autem
780 2772 870 2831 saepe
901 2751 1058 2812 coniuncta
1079 2752 1286 2832 reperiuntur:

173 2848 300 2918 suntque
320 2859 535 2920 nonnunquam
553 2838 644 2900 iidem
666 2839 803 2901 homiues
823 2848 852 2899 et
869 2838 961 2899 timidi
984 2845 1012 2898 et
1032 2837 1175 2900 audaces:
1197 2839 1286 2903 iidem

172 2928 262 2989 modo
284 2927 358 2988 asoti
382 2935 412 2988 ct
429 2925 563 3007 prodigi,
593 2927 682 2987 modo
706 2924 817 2987 sordidi
840 2932 870 2986 et
892 2924 1067 2985 ilbberales:
1094 2925 1287 3006 similiterque

171 3015 201 3076 in
221 3015 285 3075 aliis
301 3015 391 3076 rcbus
410 3013 546 3075 homines
565 3013 642 3074 male
657 3013 860 3074 inconstantes
878 3011 1033 3072 habentur.
1073 3010 1146 3072 Nam
1167 3013 1192 3072 si
1208 3013 1287 3074 benc

139 3119 153 3160 5
173 3101 386 3175 inconstantes,
409 3103 468 3162 boc
491 3108 536 3160 cst
558 3100 635 3161 bene
653 3099 823 3179 inaequales
840 3105 919 3170 sunt,
939 3105 1001 3159 tum
1016 3096 1106 3159 medii
1126 3099 1287 3160 exsistunt:

173 3208 240 3249 11111
269 3189 299 3249 11
328 3187 425 3250 medio
452 3188 554 3249 insunt
572 3186 791 3265 quodammodo
812 3191 950 3251 extrema.
993 3183 1101 3250 Verum
1125 3183 1287 3247 11111111-

173 3276 260 3336 traria
283 3296 343 3337 nou
369 3276 476 3354 ubique
499 3273 611 3354 pariter
634 3281 664 3334 et
683 3271 845 3354 aequaliter
862 3291 878 3332 a
897 3269 994 3333 medio
1017 3269 1121 3332 abesse
1138 3271 1286 3345 videntur,

173 3364 224 3424 sed
252 3364 342 3423 rnodo
373 3382 528 3435 excessuS,
551 3361 653 3435 ,modo
683 3360 816 3422 delectus
846 3356 1013 3421 evidentior
1034 3365 1088 3418 est.
1134 3358 1222 3420 Cuius
1244 3359 1288 3421 rei

173 3450 250 3522 11111,
271 3469 342 3528 quas
365 3469 456 3530 supra
479 3449 615 3520 diximus,
640 3466 744 3509 causae
761 3455 845 3509 sunt:
866 3445 945 3525 quod
967 3442 1080 3506 scilicet
1100 3444 1219 3524 quidam
1234 3448 1287 3507 ba-

172 3537 250 3599 bitus
269 3556 336 3599 raro
360 3537 568 3617 reperiuntur,
599 3535 727 3615 exempli
755 3532 846 3613 gratia
872 3529 1045 3612 simplicitas
1074 3549 1108 3593 ac
1130 3532 1288 3614 stupiditas

172 3624 306 3696 illorum,
340 3624 389 3703 qui
418 3623 507 3686 nullis
534 3623 624 3685 rebus
645 3620 785 3683 suavibus
815 3639 850 3682 ac
871 3617 1024 3692 iucundis,
1053 3617 1180 3700 perinde
1203 3638 1238 3681 ac
1263 3619 1289 3681 si

128 3726 154 3770 ro
172 3731 278 3772 sensus
302 3719 439 3791 expertes
464 3711 539 3782 sint,
578 3717 752 3771 moventur:
787 3715 849 3770 tum
875 3726 946 3769 vero
969 3705 1117 3787 quodid,
1148 3707 1185 3769 ad
1209 3706 1288 3785 quod

173 3798 264 3877 magis
285 3798 461 3861 inclinamus
480 3805 510 3859 et
531 3797 562 3858 iu
586 3816 644 3876 quo
662 3794 783 3874 saepius
805 3813 973 3874 peccamus,
997 3792 1090 3871 magis
1102 3793 1288 3855 contrarium

173 3905 240 3946 esse
260 3885 384 3947 videtur.
431 3885 530 3947 Tertia
554 3903 640 3945 causa
658 3883 731 3944 haec
754 3888 808 3953 est,
821 3880 912 3960 ,quod
934 3877 1076 3941 simibora
1093 3878 1191 3941 minus
1215 3899 1288 3940 con·

173 3972 261 4033 traria
281 3974 429 4045 videntur,
451 3971 579 4051 exempli
602 3988 689 4033 causa
712 3954 1237 4043 1111111111111111111ὗθρά111ς
1259 3974 1290 4026 11

177 4056 233 4117 τοῦ
252 4048 409 4140 θάρσους,
433 4058 478 4120 vel
501 4057 622 4120 nomina
643 4053 857 4135 prodigalitatis
880 4059 910 4114 et
931 4049 1122 4112 liberalitatis.

239 4147 347 4208 Verum
370 4148 442 4208 baec
457 4148 610 4207 hactenus.
642 4141 798 4220 Reliquum
815 4146 860 4200 est
880 4145 913 4199 ut
931 4137 1062 4198 dicamus
1082 4137 1119 4198 de
1134 4134 1287 4216 iustitia.*)

155 4347 185 4414 ⁴)
210 4334 302 4399 Libros
323 4347 357 4399 lV
378 4347 400 4399 V
419 4347 453 4399 Vl
478 4346 671 4411 elegantissime
697 4341 863 4410 luterprctati
893 4345 952 4390 sunt
976 4333 1108 4400 Muretus,
1138 4335 1288 4401 betulinas,

80 4417 249 4469 Camerarius
267 4418 292 4468 iu
314 4417 413 4469 Ethiois
432 4415 622 4480 Nicomacbois,
645 4428 751 4484 quorum
770 4407 978 4464 1111111111-
996 4404 1057 4466 dtu.
1077 4404 1144 4457 uua.
1159 4403 1204 4472 tv,
1224 4405 1290 4460 liber
1366 4457 1369 4462 ,

1016 4491 1089 4559 20*
