2776 4836
586 211 721 288 vlla·
1175 212 1253 293 3ll‘

69 399 357 485 accommodum),
388 414 418 464 et
441 402 579 483 queniam
608 404 770 467 iucundum
793 407 900 484 partim
928 406 1062 467 absolute
1088 405 1251 469 iucundum

94 506 122 549 re
141 501 172 554 et
191 493 328 555 absolute
348 492 478 564 benum,
510 493 618 571 partim
638 492 725 553 alicui
747 492 909 553 iucundum
932 501 962 553 et
976 493 1089 554 bonum
1109 493 1251 572 imagina-

138 580 294 642 nearest:
325 580 409 640 utin
432 580 523 640 rebus
545 579 710 640 inanimatis
735 580 845 659 aliquid
871 588 996 660 propter
1017 582 1250 660 unrrmqucdque

139 668 246 729 lrnrum
268 684 368 728 amare
386 674 427 726 -et
455 664 568 744 eligere
586 667 763 757 pessumus,
791 668 834 727 sic
856 668 943 728 ctiam
965 667 1131 728 hominem:
1161 669 1250 728 alium

138 756 216 816 enim
233 773 364 816 amamus
387 761 416 814 et
436 754 580 831 eligimus,
605 755 671 834 quia
688 754 753 814 telis
770 762 824 826 est,
843 754 937 832 qualis
960 763 1014 826 est,
1036 763 1066 815 et
1086 772 1154 815 eunt
1170 773 1250 820 ama-

138 861 204 903 mus
230 851 356 923 prepter
377 842 532 902 virtutem:
563 842 667 914 alium,
699 842 765 921 quin
787 848 831 902 est
854 842 943 902 homo
965 841 1044 902 utilis
1066 849 1096 900 et
1117 860 1250 903 commu-

137 931 209 990 dus:
231 931 330 1003 alium,
348 929 415 1010 quia
435 929 532 989 suavis
549 936 594 988 est
611 937 640 989 et
662 929 700 988 eh
720 929 903 1008 voluptatem
922 929 1107 1008 expetendus
1124 929 1249 991 videtur.

137 1017 256 1079 Amicus
278 1017 367 1096 igitur
389 1017 422 1076 lit
444 1016 563 1096 aliquis,
596 1035 686 1096 quum
706 1023 736 1076 et
755 1024 869 1093 amatur
890 1025 919 1075 et
940 1016 1004 1095 ipse
1028 1016 1172 1090 redamat,
1204 1017 1249 1077 iu-

92 1116 119 1160 15
140 1123 197 1184 quc
220 1105 337 1184 utrique
359 1113 463 1165 netum
487 1111 541 1165 est.

224 1192 298 1254 'lres
318 1192 409 1270 igitur
426 1211 551 1254 neeesse
573 1199 618 1251 est
641 1210 706 1251 esse
728 1190 871 1252 amicitiae
893 1191 1024 1269 species,
1056 1210 1131 1270 quae
1152 1211 1250 1271 neque

138 1297 243 1341 amnes
265 1280 429 1341 secundum
453 1298 560 1351 unum,
583 1297 686 1357 ⁴neque
708 1285 856 1356 tamquam
876 1278 992 1357 species
1013 1278 1101 1339 unius
1122 1280 1250 1356 generis,

136 1384 234 1445 nequa
264 1367 386 1428 omnino
413 1367 572 1447 aequivoce
601 1366 745 1426 dicantur.
800 1365 931 1444 Namque
960 1365 1048 1426 unius
1077 1373 1107 1425 et
1136 1365 1249 1445 primae

136 1453 281 1515 amicitiae
298 1462 438 1534 respectu
457 1455 512 1515 hae
531 1453 674 1514 amicitiae
692 1453 840 1525 dicuntur,
863 1460 895 1512 ut
911 1452 1104 1513 medicinaler
1122 1471 1250 1534 namque

137 1541 286 1621 loquimur
308 1542 393 1602 etde
415 1542 513 1602 anime
536 1540 703 1603 medicinali
722 1550 751 1600 et
771 1540 808 1600 de
828 1558 956 1620 corpere
976 1538 1143 1600 medicinali
1161 1547 1190 1599 et
1213 1541 1249 1599 de

90 1639 120 1683 aa
136 1628 334 1690 instrumento
353 1637 382 1689 et
401 1648 493 1708 apere
516 1627 700 1699 medicinali,
730 1628 783 1688 sed
808 1618 930 1707 proprie
952 1628 989 1687 de
1012 1645 1065 1697 eo,
1088 1626 1167 1706 qued
1188 1627 1250 1707 pri·
1342 1680 1352 1698 ,

137 1734 218 1776 mum
238 1724 291 1776 est.
336 1716 467 1777 Primum
488 1723 585 1776 autem
610 1714 723 1786 estid,
751 1715 834 1774 cuius
856 1715 938 1775 neue
963 1715 993 1775 in
1016 1712 1105 1774 uehis
1128 1722 1188 1774 est:
1218 1724 1251 1775 ut

136 1802 368 1866 instrumentum
384 1803 559 1864 medicinale
579 1802 694 1873 dicitur,
719 1821 777 1882 quo
793 1802 886 1863 utitur
902 1801 1051 1863 medicus:
1073 1819 1248 1880 quamquem

136 1888 167 1948 iu
190 1891 312 1952 notione
335 1890 442 1951 medici
469 1889 530 1950 nair
560 1890 639 1950 inest
665 1890 745 1949 notin
772 1889 971 1949 instrumenti.
1023 1888 1136 1966 Ubique
1161 1889 1250 1966 igitur

136 1978 288 2055 quaeritur
308 1978 398 2049 illurl,
421 1977 500 2056 qued
523 1985 568 2036 est
585 1977 722 2056 primum.
767 1976 840 2048 Quia
861 1984 958 2036 autem
982 1975 1111 2055 primum
1131 1975 1250 2035 univer·-

136 2064 198 2124 sale
218 2074 272 2137 est,
294 2065 424 2145 primum
444 2083 562 2144 qunque
581 2071 702 2124 sumunt
725 2062 944 2123 universaliter:
965 2063 995 2123 in
1017 2081 1075 2141 que
1098 2063 1247 2123 falluntur.

90 2163 119 2208 te
139 2151 203 2224 Qua
226 2153 263 2213 de
286 2171 373 2213 causa
396 2171 433 2212 ne
460 2152 490 2211 in
511 2151 636 2211 amicitia
658 2150 777 2230 quidem
799 2150 913 2224 clunia,
941 2168 1016 2229 quae
1039 2168 1095 2210 usu
1117 2149 1248 2220 veniunt,

137 2239 285 2318 explicam
313 2246 448 2319 pessunt.
502 2239 600 2311 Quum
629 2237 708 2298 enim
738 2255 798 2296 nnn
829 2237 967 2313 congruit
995 2237 1049 2297 ista
1079 2255 1138 2297 una
1167 2236 1248 2297 notio

135 2327 294 2399 amicitiae,
326 2327 470 2405 reliquas,
499 2345 573 2405 quae
597 2325 733 2385 videntur
756 2342 821 2384 esse
839 2323 999 2396 amicitiae,
1022 2323 1163 2384 amicitias
1184 2343 1249 2384 esse

135 2422 253 2492 negant.
294 2415 328 2474 At
352 2415 407 2474 liae
428 2423 499 2473 suut
520 2413 639 2490 quidem
658 2410 810 2483 amicitiae,
831 2411 884 2471 serl
905 2430 966 2472 nnn
987 2410 1051 2490 pari
1071 2411 1170 2471 made.
1205 2410 1249 2470 llli

135 2520 221 2572 vern,
251 2520 341 2580 quum
365 2501 459 2581 prima
482 2499 530 2560 illa
552 2499 692 2571 amicitia,
720 2518 806 2578 quarn
828 2499 1026 2560 universalem
1050 2516 1116 2559 esse
1139 2497 1248 2568 dicunt,

137 2607 204 2649 cum
226 2589 288 2661 his,
313 2607 387 2666 quae
409 2607 464 2648 usu
487 2587 626 2656 veniunt,
650 2606 711 2648 neu
734 2587 886 2665 congruit,
909 2586 1038 2666 reliquas
1062 2604 1127 2645 esse
1149 2585 1249 2644 amici-

90 2691 119 2734 aa
138 2677 194 2737 tias
216 2684 334 2752 negant.
383 2676 420 2735 nt
442 2675 551 2735 multae
574 2684 641 2735 sunt
669 2675 811 2735 amicitiae
831 2674 964 2753 species,
997 2673 1027 2734 id
1051 2672 1130 2749 quem
1150 2691 1184 2732 ex
1203 2671 1248 2743 iis,

138 2781 213 2842 quae
233 2781 329 2842 supra
352 2758 499 2842 disputata
519 2770 605 2833 sunt,
635 2762 747 2833 elucet,
772 2761 1011 2840 quandoquidem
1034 2758 1128 2821 tribus
1153 2759 1248 2820 medis

139 2850 196 2911 dici
218 2850 374 2916 amicitiam
402 2849 623 2910 constituimus:
659 2848 744 2909 aliam
767 2849 845 2908 enim
870 2856 996 2926 prepter
1023 2845 1162 2906 virtutem
1183 2865 1248 2905 esse

135 2937 271 3010 diximus,
293 2937 379 2998 aliam
401 2946 528 3018 prepter
546 2936 709 3006 utilitatem,
733 2934 818 2995 aliani
836 2942 962 3012 prepter
984 2931 1175 3010 voluptatem.

223 3025 333 3086 Harum
357 3024 550 3086 amicitiarum
569 3043 611 3096 ea,
636 3042 710 3102 qnae
730 3023 768 3082 eb
793 3020 946 3083 utilitatem
969 3019 1085 3089 celitur,
1106 3019 1251 3098 plurime-

137 3131 203 3174 rum
223 3112 348 3173 amicitia
371 3120 431 3173 est:
454 3131 523 3172 narn
546 3111 613 3191 quia
635 3109 691 3169 sibi
710 3109 797 3170 utiles
819 3115 898 3179 sunt,
923 3106 1034 3170 idcirco
1052 3113 1152 3169 amant
1172 3105 1251 3166 inter

90 3214 118 3256 aa
137 3220 214 3272 sese,
239 3207 268 3261 et
289 3208 389 3262 amant
410 3199 531 3271 tamdiu,
554 3197 692 3279 quamdiu
715 3203 785 3257 sunt
804 3195 859 3255 sibi
880 3194 982 3263 utiles,
1003 3201 1037 3253 ut
1058 3199 1104 3253 est
1125 3192 1154 3255 in
1178 3211 1250 3271 pre-

137 3288 256 3350 verbio:

304 3373 424 3445 „Donec
443 3373 599 3453 puqeelis,
622 3376 717 3433 sonus
741 3371 846 3431 diceris
870 3371 1029 3429 amicus:“

138 3473 168 3524 et

204 3549 302 3622 „Quis
323 3548 449 3610 credat?
477 3548 630 3628 Meparcru
647 3565 706 3607 lton
725 3550 785 3605 iam
803 3545 934 3613 renuistis,
957 3540 1085 3607 Atinae
1096 3538 1136 3601 1)“

138 3638 221 3709 Quae
246 3644 345 3705 autem
376 3636 413 3697 ub
441 3636 624 3714 voluptatem
649 3632 773 3694 amicitia
794 3631 916 3701 colitur,
947 3647 981 3689 ea
999 3627 1126 3694 maxime
1148 3627 1250 3688 aetatis

138 3724 274 3785 iuvenilis
294 3731 354 3785 est:
377 3741 444 3783 nam
463 3721 622 3801 voluptatis
645 3739 751 3781 sensus
768 3719 798 3781 in
813 3719 966 3779 iuventute
984 3715 1145 3795 plurimum
1165 3714 1250 3773 valet.

137 3811 222 3872 Hauc
245 3811 282 3872 eb
305 3828 423 3871 causam
445 3810 518 3870 tales
540 3808 682 3871 amicitiae
704 3807 789 3868 facile
805 3805 992 3866 dirimuntur.
1036 3801 1152 3864 Mutatis
1172 3799 1250 3860 enim

69 3905 235 3964 mnaetate
254 3898 396 3968 moribus,
416 3903 546 3957 mutatur
566 3896 653 3959 etiam
671 3894 806 3972 voluptas
825 3901 855 3952 et
872 3890 1043 3952 iucundum.
1081 3890 1250 3961 Quaerere

138 3985 265 4047 amicitia
286 4005 322 4045 er
343 3984 451 4045 virtute
474 3991 528 4055 est,
552 3984 625 4045 haec
647 3989 692 4042 est
712 3979 866 4042 hominum
888 3977 1078 4056 optimorum.

224 4073 268 4134 Ex
289 4072 333 4134 his
356 4079 453 4132 autem
476 4070 664 4133 manifestum
686 4075 740 4137 est,
763 4065 888 4144 primam
909 4062 1064 4128 amicitiam
1083 4080 1149 4123 esse
1174 4058 1251 4117 vire-

139 4178 206 4220 rum
228 4160 376 4221 benorum
399 4176 530 4220 amorem
552 4164 686 4217 mutuum
709 4160 899 4230 mutuamque
921 4149 1042 4210 alterius
1063 4166 1135 4229 prae
1155 4145 1251 4206 emni-

139 4249 195 4309 bus
210 4247 274 4310 aliis
291 4247 475 4309 electionem.
512 4244 592 4306 Nam·
603 4260 703 4306 carum
720 4240 820 4311 estid,
839 4237 918 4319 qued
933 4244 1047 4297 amatur
1064 4236 1100 4295 ah
1118 4239 1250 4297 amante:

139 4333 250 4397 amicus
279 4341 378 4397 autern
399 4332 424 4392 is
455 4341 516 4404 est,
540 4333 589 4413 qui
611 4337 641 4390 et
663 4336 777 4391 amatur
800 4333 829 4386 et
858 4325 945 4389 simul
972 4323 1113 4385 redamat.
1157 4320 1251 4400 Atque

105 4423 215 4485 uhaec
235 4421 314 4485 inter
335 4419 471 4484 hemines
492 4416 697 4483 tantummode
716 4414 859 4484 emistere
881 4419 981 4494 potest
1000 4409 1140 4475 amicitia:
1162 4409 1250 4470 lromc
