<?xml version="1.0" encoding="UTF-8"?>
<!DOCTYPE html PUBLIC "-//W3C//DTD XHTML 1.0 Transitional//EN"
    "http://www.w3.org/TR/xhtml1/DTD/xhtml1-transitional.dtd">
<html xmlns="http://www.w3.org/1999/xhtml" xml:lang="en" lang="en">
 <head>
  <title>
</title>
<meta http-equiv="Content-Type" content="text/html;charset=utf-8" />
  <meta name='ocr-system' content='tesseract 3.04.00' />
  <meta name='ocr-capabilities' content='ocr_page ocr_carea ocr_par ocr_line ocrx_word'/>
</head>
<body>
  <div class='ocr_page' id='page_1' title='image "./ethicaeudemia00arisgoog_0373.png"; bbox 0 0 2776 4836; ppageno 0'>
   <div class='ocr_carea' id='block_1_1' title="bbox 559 216 1269 317">
    <p class='ocr_par' dir='ltr' id='par_1_1' title="bbox 559 216 1269 317">
     <span class='ocr_line' id='line_1_1' title="bbox 559 216 1269 317; baseline 0.011 -25"><span class='ocrx_word' id='word_1_1' title='bbox 559 216 641 297; x_wconf 76' lang='lat' dir='ltr'><strong>sta</strong></span> <span class='ocrx_word' id='word_1_2' title='bbox 669 221 704 317; x_wconf 77' lang='lat' dir='ltr'><strong>a.</strong></span> <span class='ocrx_word' id='word_1_3' title='bbox 732 219 767 297; x_wconf 81' lang='lat'><strong>5.</strong></span> <span class='ocrx_word' id='word_1_4' title='bbox 1189 219 1269 303; x_wconf 71' lang='lat' dir='ltr'><strong>ets</strong></span> 
     </span>
    </p>
   </div>
   <div class='ocr_carea' id='block_1_2' title="bbox 73 413 1348 4248">
    <p class='ocr_par' dir='ltr' id='par_1_2' title="bbox 73 413 1270 492">
     <span class='ocr_line' id='line_1_2' title="bbox 73 413 1270 492; baseline 0.001 -16"><span class='ocrx_word' id='word_1_5' title='bbox 73 413 246 476; x_wconf 55' lang='lat' dir='ltr'><strong>nomana</strong></span> <span class='ocrx_word' id='word_1_6' title='bbox 268 431 356 492; x_wconf 81' lang='lat' dir='ltr'><strong>quam</strong></span> <span class='ocrx_word' id='word_1_7' title='bbox 385 415 540 492; x_wconf 75' lang='lat' dir='ltr'><strong>cognosci:</strong></span> <span class='ocrx_word' id='word_1_8' title='bbox 569 422 603 475; x_wconf 90' lang='lat' dir='ltr'><strong>ut</strong></span> <span class='ocrx_word' id='word_1_9' title='bbox 623 414 735 476; x_wconf 73' lang='lat' dir='ltr'><strong>famant</strong></span> <span class='ocrx_word' id='word_1_10' title='bbox 758 413 915 485; x_wconf 89' lang='lat' dir='ltr'><strong>mulieres,</strong></span> <span class='ocrx_word' id='word_1_11' title='bbox 944 431 1033 491; x_wconf 87' lang='lat' dir='ltr'><strong>quum</strong></span> <span class='ocrx_word' id='word_1_12' title='bbox 1059 414 1170 476; x_wconf 87' lang='lat' dir='ltr'><strong>liberos</strong></span> <span class='ocrx_word' id='word_1_13' title='bbox 1199 432 1270 477; x_wconf 85' lang='lat' dir='ltr'><strong>suos</strong></span> 
     </span>
    </p>

    <p class='ocr_par' dir='ltr' id='par_1_3' title="bbox 87 499 1272 581">
     <span class='ocr_line' id='line_1_3' title="bbox 87 499 1272 581; baseline 0.003 -21"><span class='ocrx_word' id='word_1_14' title='bbox 87 500 92 509; x_wconf 89' lang='lat'>&#39;</span> <span class='ocrx_word' id='word_1_15' title='bbox 160 499 226 561; x_wconf 76' lang='lat' dir='ltr'><strong>aliis</strong></span> <span class='ocrx_word' id='word_1_16' title='bbox 247 499 285 560; x_wconf 83' lang='lat' dir='ltr'><strong>ad</strong></span> <span class='ocrx_word' id='word_1_17' title='bbox 297 501 493 562; x_wconf 85' lang='lat' dir='ltr'><strong>educandum</strong></span> <span class='ocrx_word' id='word_1_18' title='bbox 513 500 681 574; x_wconf 79' lang='lat' dir='ltr'><strong>subiiciunt,</strong></span> <span class='ocrx_word' id='word_1_19' title='bbox 697 503 828 580; x_wconf 81' lang='lat' dir='ltr'><strong>itemque</strong></span> <span class='ocrx_word' id='word_1_20' title='bbox 843 500 1049 561; x_wconf 77' lang='lat' dir='ltr'><strong>Andromache</strong></span> <span class='ocrx_word' id='word_1_21' title='bbox 1071 501 1272 581; x_wconf 76' lang='lat' dir='ltr'><strong>Antiphontis.</strong></span> 
     </span>
    </p>

    <p class='ocr_par' dir='ltr' id='par_1_4' title="bbox 161 587 1272 668">
     <span class='ocr_line' id='line_1_4' title="bbox 161 587 1272 668; baseline 0.002 -20"><span class='ocrx_word' id='word_1_22' title='bbox 161 587 234 649; x_wconf 75' lang='lat' dir='ltr'><strong>Nam</strong></span> <span class='ocrx_word' id='word_1_23' title='bbox 258 587 308 666; x_wconf 86' lang='lat' dir='ltr'><strong>qui</strong></span> <span class='ocrx_word' id='word_1_24' title='bbox 336 588 417 668; x_wconf 86' lang='lat' dir='ltr'><strong>cupit</strong></span> <span class='ocrx_word' id='word_1_25' title='bbox 442 589 601 667; x_wconf 75' lang='lat' dir='ltr'>cognosci,</span> <span class='ocrx_word' id='word_1_26' title='bbox 632 589 680 649; x_wconf 92' lang='lat' dir='ltr'><strong>hic</strong></span> <span class='ocrx_word' id='word_1_27' title='bbox 700 588 731 649; x_wconf 91' lang='lat' dir='ltr'><strong>id</strong></span> <span class='ocrx_word' id='word_1_28' title='bbox 757 607 809 649; x_wconf 84' lang='lat' dir='ltr'><strong>sua</strong></span> <span class='ocrx_word' id='word_1_29' title='bbox 832 607 935 660; x_wconf 87' lang='lat' dir='ltr'><strong>causa,</strong></span> <span class='ocrx_word' id='word_1_30' title='bbox 966 594 1053 667; x_wconf 86' lang='lat' dir='ltr'><strong>atquc</strong></span> <span class='ocrx_word' id='word_1_31' title='bbox 1075 596 1108 651; x_wconf 92' lang='lat' dir='ltr'><strong>ut</strong></span> <span class='ocrx_word' id='word_1_32' title='bbox 1128 589 1272 651; x_wconf 77' lang='lat' dir='ltr'><strong>alliciatur</strong></span> 
     </span>
    </p>

    <p class='ocr_par' dir='ltr' id='par_1_5' title="bbox 73 674 1271 755">
     <span class='ocr_line' id='line_1_5' title="bbox 73 674 1271 755; baseline 0.002 -19"><span class='ocrx_word' id='word_1_33' title='bbox 73 686 76 693; x_wconf 84' lang='lat'>&#39;</span> <span class='ocrx_word' id='word_1_34' title='bbox 161 674 259 754; x_wconf 73' lang='lat' dir='ltr'><strong>atiquo</strong></span> <span class='ocrx_word' id='word_1_35' title='bbox 278 675 376 748; x_wconf 80' lang='lat' dir='ltr'><strong>bano,</strong></span> <span class='ocrx_word' id='word_1_36' title='bbox 398 694 458 736; x_wconf 92' lang='lat' dir='ltr'><strong>non</strong></span> <span class='ocrx_word' id='word_1_37' title='bbox 478 679 512 736; x_wconf 91' lang='lat' dir='ltr'><strong>ut</strong></span> <span class='ocrx_word' id='word_1_38' title='bbox 533 676 598 755; x_wconf 89' lang='lat' dir='ltr'><strong>ipse</strong></span> <span class='ocrx_word' id='word_1_39' title='bbox 617 676 697 736; x_wconf 89' lang='lat' dir='ltr'><strong>hono</strong></span> <span class='ocrx_word' id='word_1_40' title='bbox 719 676 845 736; x_wconf 87' lang='lat' dir='ltr'><strong>alterum</strong></span> <span class='ocrx_word' id='word_1_41' title='bbox 863 675 986 748; x_wconf 86' lang='lat' dir='ltr'><strong>alliciat,</strong></span> <span class='ocrx_word' id='word_1_42' title='bbox 1009 691 1120 754; x_wconf 88' lang='lat' dir='ltr'><strong>cupere</strong></span> <span class='ocrx_word' id='word_1_43' title='bbox 1139 677 1271 738; x_wconf 72' lang='lat' dir='ltr'><strong>ridetur:</strong></span> 
     </span>
    </p>

    <p class='ocr_par' dir='ltr' id='par_1_6' title="bbox 159 761 1270 846">
     <span class='ocr_line' id='line_1_6' title="bbox 159 761 1270 846; baseline 0.004 -24"><span class='ocrx_word' id='word_1_44' title='bbox 159 768 265 822; x_wconf 62' lang='lat' dir='ltr'><strong>‘oontm</strong></span> <span class='ocrx_word' id='word_1_45' title='bbox 283 761 334 842; x_wconf 87' lang='lat' dir='ltr'><strong>qui</strong></span> <span class='ocrx_word' id='word_1_46' title='bbox 353 762 439 842; x_wconf 76' lang='lat' dir='ltr'><strong>cupit</strong></span> <span class='ocrx_word' id='word_1_47' title='bbox 460 778 664 846; x_wconf 78' lang='lat' dir='ltr'><strong>cognoscere,</strong></span> <span class='ocrx_word' id='word_1_48' title='bbox 688 762 737 824; x_wconf 92' lang='lat' dir='ltr'><strong>hic</strong></span> <span class='ocrx_word' id='word_1_49' title='bbox 760 762 792 824; x_wconf 88' lang='lat' dir='ltr'><strong>id</strong></span> <span class='ocrx_word' id='word_1_50' title='bbox 817 782 927 843; x_wconf 86' lang='lat' dir='ltr'><strong>cupere</strong></span> <span class='ocrx_word' id='word_1_51' title='bbox 948 762 1066 824; x_wconf 82' lang='lat' dir='ltr'><strong>videtur</strong></span> <span class='ocrx_word' id='word_1_52' title='bbox 1089 783 1124 826; x_wconf 89' lang='lat' dir='ltr'><strong>eo</strong></span> <span class='ocrx_word' id='word_1_53' title='bbox 1146 764 1270 826; x_wconf 90' lang='lat' dir='ltr'><strong>consilio</strong></span> 
     </span>
    </p>

    <p class='ocr_par' dir='ltr' id='par_1_7' title="bbox 162 849 1270 925">
     <span class='ocr_line' id='line_1_7' title="bbox 162 849 1270 925; baseline 0.005 -17"><span class='ocrx_word' id='word_1_54' title='bbox 162 855 196 909; x_wconf 88' lang='lat' dir='ltr'><strong>ut</strong></span> <span class='ocrx_word' id='word_1_55' title='bbox 218 849 352 910; x_wconf 81' lang='lat' dir='ltr'><strong>conserat</strong></span> <span class='ocrx_word' id='word_1_56' title='bbox 372 849 403 910; x_wconf 93' lang='lat' dir='ltr'><strong>iu</strong></span> <span class='ocrx_word' id='word_1_57' title='bbox 426 849 551 911; x_wconf 91' lang='lat' dir='ltr'><strong>alterum</strong></span> <span class='ocrx_word' id='word_1_58' title='bbox 573 850 716 912; x_wconf 86' lang='lat' dir='ltr'><strong>beneficia</strong></span> <span class='ocrx_word' id='word_1_59' title='bbox 739 858 768 910; x_wconf 88' lang='lat' dir='ltr'><strong>et</strong></span> <span class='ocrx_word' id='word_1_60' title='bbox 793 858 827 911; x_wconf 90' lang='lat' dir='ltr'><strong>ut</strong></span> <span class='ocrx_word' id='word_1_61' title='bbox 843 850 969 912; x_wconf 90' lang='lat' dir='ltr'><strong>alterum</strong></span> <span class='ocrx_word' id='word_1_62' title='bbox 992 858 1080 912; x_wconf 85' lang='lat' dir='ltr'><strong>amet.</strong></span> <span class='ocrx_word' id='word_1_63' title='bbox 1124 852 1270 925; x_wconf 77' lang='lat' dir='ltr'><strong>Quocirca</strong></span> 
     </span>
    </p>

    <p class='ocr_par' dir='ltr' id='par_1_8' title="bbox 73 935 1270 1017">
     <span class='ocr_line' id='line_1_8' title="bbox 73 935 1270 1017; baseline 0 -16"><span class='ocrx_word' id='word_1_64' title='bbox 73 935 251 1001; x_wconf 57' lang='lat' dir='ltr'><strong>mamam</strong></span> <span class='ocrx_word' id='word_1_65' title='bbox 269 936 334 1009; x_wconf 89' lang='lat' dir='ltr'><strong>hos,</strong></span> <span class='ocrx_word' id='word_1_66' title='bbox 352 936 404 1017; x_wconf 91' lang='lat' dir='ltr'><strong>qui</strong></span> <span class='ocrx_word' id='word_1_67' title='bbox 421 937 556 1000; x_wconf 90' lang='lat' dir='ltr'><strong>homines</strong></span> <span class='ocrx_word' id='word_1_68' title='bbox 575 943 709 999; x_wconf 87' lang='lat' dir='ltr'><strong>mortuos</strong></span> <span class='ocrx_word' id='word_1_69' title='bbox 729 956 827 998; x_wconf 83' lang='lat' dir='ltr'><strong>amare</strong></span> <span class='ocrx_word' id='word_1_70' title='bbox 848 956 910 999; x_wconf 90' lang='lat' dir='ltr'><strong>uon</strong></span> <span class='ocrx_word' id='word_1_71' title='bbox 929 937 1079 1012; x_wconf 89' lang='lat' dir='ltr'><strong>desinunt,</strong></span> <span class='ocrx_word' id='word_1_72' title='bbox 1101 940 1270 1001; x_wconf 80' lang='lat' dir='ltr'>laudamus:</span> 
     </span>
    </p>

    <p class='ocr_par' dir='ltr' id='par_1_9' title="bbox 162 1023 788 1103">
     <span class='ocr_line' id='line_1_9' title="bbox 162 1023 788 1103; baseline 0.002 -19"><span class='ocrx_word' id='word_1_73' title='bbox 162 1032 348 1102; x_wconf 68' lang='lat' dir='ltr'><strong>cognoscunt</strong></span> <span class='ocrx_word' id='word_1_74' title='bbox 368 1023 455 1097; x_wconf 89' lang='lat' dir='ltr'><strong>enlm,</strong></span> <span class='ocrx_word' id='word_1_75' title='bbox 475 1044 536 1086; x_wconf 90' lang='lat' dir='ltr'><strong>non</strong></span> <span class='ocrx_word' id='word_1_76' title='bbox 556 1032 788 1103; x_wconf 83' lang='lat' dir='ltr'><strong>cognoscuntur.</strong></span> 
     </span>
    </p>

    <p class='ocr_par' dir='ltr' id='par_1_10' title="bbox 248 1109 1271 1194">
     <span class='ocr_line' id='line_1_10' title="bbox 248 1109 1271 1194; baseline 0.003 -23"><span class='ocrx_word' id='word_1_77' title='bbox 248 1109 353 1171; x_wconf 82' lang='lat' dir='ltr'><strong>Plures</strong></span> <span class='ocrx_word' id='word_1_78' title='bbox 377 1111 465 1190; x_wconf 84' lang='lat' dir='ltr'><strong>igitur</strong></span> <span class='ocrx_word' id='word_1_79' title='bbox 488 1132 554 1174; x_wconf 88' lang='lat' dir='ltr'><strong>esse</strong></span> <span class='ocrx_word' id='word_1_80' title='bbox 575 1113 682 1173; x_wconf 91' lang='lat' dir='ltr'><strong>modos</strong></span> <span class='ocrx_word' id='word_1_81' title='bbox 705 1112 866 1184; x_wconf 77' lang='lat' dir='ltr'><strong>annuitiac,</strong></span> <span class='ocrx_word' id='word_1_82' title='bbox 891 1120 921 1174; x_wconf 85' lang='lat' dir='ltr'><strong>et</strong></span> <span class='ocrx_word' id='word_1_83' title='bbox 943 1121 1016 1194; x_wconf 91' lang='lat' dir='ltr'><strong>quot</strong></span> <span class='ocrx_word' id='word_1_84' title='bbox 1036 1114 1097 1175; x_wconf 89' lang='lat' dir='ltr'><strong>sint</strong></span> <span class='ocrx_word' id='word_1_85' title='bbox 1118 1114 1160 1175; x_wconf 89' lang='lat' dir='ltr'><strong>illi</strong></span> <span class='ocrx_word' id='word_1_86' title='bbox 1181 1114 1271 1188; x_wconf 92' lang='lat' dir='ltr'><strong>modi,</strong></span> 
     </span>
    </p>

    <p class='ocr_par' dir='ltr' id='par_1_11' title="bbox 162 1196 1271 1281">
     <span class='ocr_line' id='line_1_11' title="bbox 162 1196 1271 1281; baseline 0.005 -23"><span class='ocrx_word' id='word_1_87' title='bbox 162 1196 277 1259; x_wconf 79' lang='lat' dir='ltr'><strong>scilicet</strong></span> <span class='ocrx_word' id='word_1_88' title='bbox 293 1205 369 1272; x_wconf 88' lang='lat' dir='ltr'><strong>tres,</strong></span> <span class='ocrx_word' id='word_1_89' title='bbox 392 1209 479 1278; x_wconf 91' lang='lat' dir='ltr'><strong>atque</strong></span> <span class='ocrx_word' id='word_1_90' title='bbox 503 1200 607 1262; x_wconf 82' lang='lat' dir='ltr'><strong>didere</strong></span> <span class='ocrx_word' id='word_1_91' title='bbox 633 1204 733 1262; x_wconf 84' lang='lat' dir='ltr'><strong>amori</strong></span> <span class='ocrx_word' id='word_1_92' title='bbox 751 1204 781 1261; x_wconf 85' lang='grc' dir='ltr'><strong>ει</strong></span> <span class='ocrx_word' id='word_1_93' title='bbox 797 1201 968 1271; x_wconf 80' lang='lat' dir='ltr'><strong>redamari,</strong></span> <span class='ocrx_word' id='word_1_94' title='bbox 999 1200 1129 1281; x_wconf 86' lang='lat' dir='ltr'><strong>itemque</strong></span> <span class='ocrx_word' id='word_1_95' title='bbox 1153 1202 1271 1264; x_wconf 79' lang='lat' dir='ltr'><strong>differre</strong></span> 
     </span>
    </p>

    <p class='ocr_par' dir='ltr' id='par_1_12' title="bbox 129 1284 1271 1455">
     <span class='ocr_line' id='line_1_12' title="bbox 129 1284 1271 1368; baseline 0.005 -22"><span class='ocrx_word' id='word_1_96' title='bbox 129 1284 284 1359; x_wconf 72' lang='lat' dir='ltr'><strong>amicos,</strong></span> <span class='ocrx_word' id='word_1_97' title='bbox 303 1285 411 1366; x_wconf 82' lang='lat' dir='ltr'><strong>partim</strong></span> <span class='ocrx_word' id='word_1_98' title='bbox 434 1301 469 1348; x_wconf 85' lang='lat' dir='ltr'><strong>ex</strong></span> <span class='ocrx_word' id='word_1_99' title='bbox 485 1287 670 1368; x_wconf 79' lang='lat' dir='ltr'><strong>aequalitate,</strong></span> <span class='ocrx_word' id='word_1_100' title='bbox 691 1287 800 1368; x_wconf 84' lang='lat' dir='ltr'><strong>partim</strong></span> <span class='ocrx_word' id='word_1_101' title='bbox 818 1307 852 1349; x_wconf 82' lang='lat' dir='ltr'><strong>ex</strong></span> <span class='ocrx_word' id='word_1_102' title='bbox 872 1288 1044 1350; x_wconf 77' lang='lat' dir='ltr'><strong>excellentia</strong></span> <span class='ocrx_word' id='word_1_103' title='bbox 1063 1289 1271 1364; x_wconf 81' lang='lat' dir='ltr'><strong>nominandos,</strong></span> 
     </span>
     <span class='ocr_line' id='line_1_13' title="bbox 162 1373 828 1455; baseline 0.003 -20"><span class='ocrx_word' id='word_1_104' title='bbox 162 1373 438 1435; x_wconf 74' lang='lat' dir='ltr'><strong>domonstravimus,</strong></span> <span class='ocrx_word' id='word_1_105' title='bbox 820 1441 828 1455; x_wconf 25' lang='lat' dir='ltr'><strong>q</strong></span> 
     </span>
    </p>

    <p class='ocr_par' dir='ltr' id='par_1_13' title="bbox 139 1448 1273 1544">
     <span class='ocr_line' id='line_1_14' title="bbox 139 1448 1273 1544; baseline 0.006 -25"><span class='ocrx_word' id='word_1_106' title='bbox 139 1448 160 1516; x_wconf 79' lang='grc'><strong>5</strong></span> <span class='ocrx_word' id='word_1_107' title='bbox 243 1461 390 1534; x_wconf 77' lang='lat' dir='ltr'><strong>Quoniam</strong></span> <span class='ocrx_word' id='word_1_108' title='bbox 417 1455 491 1522; x_wconf 73' lang='lat' dir='ltr'><strong>iero</strong></span> <span class='ocrx_word' id='word_1_109' title='bbox 519 1461 662 1535; x_wconf 89' lang='lat' dir='ltr'><strong>amicum,</strong></span> <span class='ocrx_word' id='word_1_110' title='bbox 691 1463 941 1542; x_wconf 72' lang='lat' dir='ltr'><strong>quemadmodum</strong></span> <span class='ocrx_word' id='word_1_111' title='bbox 970 1465 999 1526; x_wconf 93' lang='lat' dir='ltr'><strong>in</strong></span> <span class='ocrx_word' id='word_1_112' title='bbox 1022 1465 1104 1528; x_wconf 88' lang='lat' dir='ltr'><strong>initio</strong></span> <span class='ocrx_word' id='word_1_113' title='bbox 1126 1465 1273 1544; x_wconf 81' lang='lat' dir='ltr'><strong>signitica-</strong></span> 
     </span>
    </p>

    <p class='ocr_par' dir='ltr' id='par_1_14' title="bbox 160 1547 1273 1633">
     <span class='ocr_line' id='line_1_15' title="bbox 160 1547 1273 1633; baseline 0.006 -25"><span class='ocrx_word' id='word_1_114' title='bbox 160 1547 267 1620; x_wconf 78' lang='lat' dir='ltr'><strong>rimalt,</strong></span> <span class='ocrx_word' id='word_1_115' title='bbox 287 1548 378 1610; x_wconf 81' lang='lat' dir='ltr'><strong>ctiam</strong></span> <span class='ocrx_word' id='word_1_116' title='bbox 399 1549 492 1629; x_wconf 81' lang='lat' dir='ltr'><strong>magis</strong></span> <span class='ocrx_word' id='word_1_117' title='bbox 513 1548 545 1610; x_wconf 89' lang='lat' dir='ltr'><strong>in</strong></span> <span class='ocrx_word' id='word_1_118' title='bbox 564 1549 738 1611; x_wconf 82' lang='lat' dir='ltr'><strong>nrtiversum</strong></span> <span class='ocrx_word' id='word_1_119' title='bbox 752 1551 862 1612; x_wconf 89' lang='lat' dir='ltr'><strong>dicitur</strong></span> <span class='ocrx_word' id='word_1_120' title='bbox 879 1551 915 1613; x_wconf 89' lang='lat' dir='ltr'><strong>ab</strong></span> <span class='ocrx_word' id='word_1_121' title='bbox 931 1551 978 1626; x_wconf 85' lang='lat' dir='ltr'><strong>iis,</strong></span> <span class='ocrx_word' id='word_1_122' title='bbox 999 1553 1048 1632; x_wconf 85' lang='lat' dir='ltr'><strong>qni</strong></span> <span class='ocrx_word' id='word_1_123' title='bbox 1066 1553 1152 1615; x_wconf 82' lang='lat' dir='ltr'><strong>latius</strong></span> <span class='ocrx_word' id='word_1_124' title='bbox 1166 1561 1273 1633; x_wconf 67' lang='lat' dir='ltr'><strong>patero</strong></span> 
     </span>
    </p>

    <p class='ocr_par' dir='ltr' id='par_1_15' title="bbox 163 1635 1272 1717">
     <span class='ocr_line' id='line_1_16' title="bbox 163 1635 1272 1717; baseline 0.005 -21"><span class='ocrx_word' id='word_1_125' title='bbox 163 1635 306 1697; x_wconf 85' lang='lat' dir='ltr'><strong>amicitiae</strong></span> <span class='ocrx_word' id='word_1_126' title='bbox 326 1635 383 1697; x_wconf 88' lang='lat' dir='ltr'><strong>vim</strong></span> <span class='ocrx_word' id='word_1_127' title='bbox 405 1635 591 1709; x_wconf 84' lang='lat' dir='ltr'><strong>existimant,</strong></span> <span class='ocrx_word' id='word_1_128' title='bbox 625 1654 752 1717; x_wconf 86' lang='lat' dir='ltr'><strong>qnorum</strong></span> <span class='ocrx_word' id='word_1_129' title='bbox 775 1638 823 1700; x_wconf 88' lang='lat' dir='ltr'><strong>alii</strong></span> <span class='ocrx_word' id='word_1_130' title='bbox 842 1639 962 1712; x_wconf 88' lang='lat' dir='ltr'><strong>dieunt,</strong></span> <span class='ocrx_word' id='word_1_131' title='bbox 990 1639 1087 1702; x_wconf 85' lang='lat' dir='ltr'><strong>simile</strong></span> <span class='ocrx_word' id='word_1_132' title='bbox 1106 1659 1174 1702; x_wconf 85' lang='lat' dir='ltr'><strong>esse</strong></span> <span class='ocrx_word' id='word_1_133' title='bbox 1199 1641 1272 1702; x_wconf 92' lang='lat' dir='ltr'><strong>ami-</strong></span> 
     </span>
    </p>

    <p class='ocr_par' dir='ltr' id='par_1_16' title="bbox 164 1722 1272 1808">
     <span class='ocr_line' id='line_1_17' title="bbox 164 1722 1272 1808; baseline 0.004 -23"><span class='ocrx_word' id='word_1_134' title='bbox 164 1741 246 1796; x_wconf 95' lang='lat' dir='ltr'><strong>cum,</strong></span> <span class='ocrx_word' id='word_1_135' title='bbox 267 1722 314 1785; x_wconf 88' lang='lat' dir='ltr'><strong>alii</strong></span> <span class='ocrx_word' id='word_1_136' title='bbox 333 1723 530 1785; x_wconf 88' lang='lat' dir='ltr'><strong>contrarium:</strong></span> <span class='ocrx_word' id='word_1_137' title='bbox 561 1724 647 1786; x_wconf 91' lang='lat' dir='ltr'><strong>etiam</strong></span> <span class='ocrx_word' id='word_1_138' title='bbox 668 1726 705 1786; x_wconf 89' lang='lat' dir='ltr'><strong>de</strong></span> <span class='ocrx_word' id='word_1_139' title='bbox 724 1725 769 1787; x_wconf 91' lang='lat' dir='ltr'><strong>his</strong></span> <span class='ocrx_word' id='word_1_140' title='bbox 792 1726 951 1788; x_wconf 91' lang='lat' dir='ltr'><strong>dicendum</strong></span> <span class='ocrx_word' id='word_1_141' title='bbox 974 1735 1035 1799; x_wconf 91' lang='lat' dir='ltr'><strong>est,</strong></span> <span class='ocrx_word' id='word_1_142' title='bbox 1062 1728 1198 1808; x_wconf 81' lang='lat' dir='ltr'><strong>quaesit</strong></span> <span class='ocrx_word' id='word_1_143' title='bbox 1216 1729 1272 1789; x_wconf 93' lang='lat' dir='ltr'><strong>ho-</strong></span> 
     </span>
    </p>

    <p class='ocr_par' dir='ltr' id='par_1_17' title="bbox 120 1810 1271 1894">
     <span class='ocr_line' id='line_1_18' title="bbox 120 1810 1271 1894; baseline 0.005 -24"><span class='ocrx_word' id='word_1_144' title='bbox 120 1816 145 1858; x_wconf 87' lang='lat'><strong>¹⁰</strong></span> <span class='ocrx_word' id='word_1_145' title='bbox 159 1829 231 1872; x_wconf 76' lang='lat' dir='ltr'><strong>m</strong></span> <span class='ocrx_word' id='word_1_146' title='bbox 254 1817 284 1872; x_wconf 90' lang='lat' dir='ltr'><strong>et</strong></span> <span class='ocrx_word' id='word_1_147' title='bbox 303 1810 511 1882; x_wconf 81' lang='lat' dir='ltr'><strong>amicitiarum,</strong></span> <span class='ocrx_word' id='word_1_148' title='bbox 542 1811 708 1892; x_wconf 82' lang='lat' dir='ltr'><strong>dequibus</strong></span> <span class='ocrx_word' id='word_1_149' title='bbox 729 1814 872 1874; x_wconf 81' lang='lat' dir='ltr'><strong>haetenus</strong></span> <span class='ocrx_word' id='word_1_150' title='bbox 894 1814 1074 1894; x_wconf 77' lang='lat' dir='ltr'><strong>disputmum</strong></span> <span class='ocrx_word' id='word_1_151' title='bbox 1097 1822 1159 1888; x_wconf 91' lang='grc' dir='ltr'><strong>εει,</strong></span> <span class='ocrx_word' id='word_1_152' title='bbox 1187 1815 1271 1876; x_wconf 86' lang='lat' dir='ltr'><strong>ratio.</strong></span> 
     </span>
    </p>

    <p class='ocr_par' dir='ltr' id='par_1_18' title="bbox 161 1888 1272 1979">
     <span class='ocr_line' id='line_1_19' title="bbox 161 1888 1272 1979; baseline 0.005 -20"><span class='ocrx_word' id='word_1_153' title='bbox 161 1888 301 1960; x_wconf 67' lang='lat' dir='ltr'><strong>trudon</strong></span> <span class='ocrx_word' id='word_1_154' title='bbox 323 1907 421 1960; x_wconf 89' lang='lat' dir='ltr'><strong>autem</strong></span> <span class='ocrx_word' id='word_1_155' title='bbox 442 1898 537 1961; x_wconf 87' lang='lat' dir='ltr'><strong>simile</strong></span> <span class='ocrx_word' id='word_1_156' title='bbox 551 1899 648 1978; x_wconf 79' lang='lat' dir='ltr'><strong>[quod</strong></span> <span class='ocrx_word' id='word_1_157' title='bbox 666 1919 732 1961; x_wconf 89' lang='grc' dir='ltr'><strong>εεεε</strong></span> <span class='ocrx_word' id='word_1_158' title='bbox 754 1907 898 1979; x_wconf 81' lang='lat' dir='ltr'><strong>appetere</strong></span> <span class='ocrx_word' id='word_1_159' title='bbox 921 1901 1037 1979; x_wconf 85' lang='lat' dir='ltr'><strong>dicitur]</strong></span> <span class='ocrx_word' id='word_1_160' title='bbox 1060 1909 1089 1964; x_wconf 90' lang='lat' dir='ltr'><strong>et</strong></span> <span class='ocrx_word' id='word_1_161' title='bbox 1111 1903 1148 1963; x_wconf 91' lang='lat' dir='ltr'><strong>ad</strong></span> <span class='ocrx_word' id='word_1_162' title='bbox 1167 1903 1272 1964; x_wconf 87' lang='lat' dir='ltr'><strong>iucun-</strong></span> 
     </span>
    </p>

    <p class='ocr_par' dir='ltr' id='par_1_19' title="bbox 107 1986 1272 2331">
     <span class='ocr_line' id='line_1_20' title="bbox 107 1986 1272 2067; baseline 0.003 -21"><span class='ocrx_word' id='word_1_163' title='bbox 107 2030 110 2035; x_wconf 78' lang='lat'><em>·</em></span> <span class='ocrx_word' id='word_1_164' title='bbox 164 1987 233 2047; x_wconf 89' lang='lat' dir='ltr'><strong>dum</strong></span> <span class='ocrx_word' id='word_1_165' title='bbox 251 1993 280 2046; x_wconf 87' lang='lat' dir='ltr'><strong>at</strong></span> <span class='ocrx_word' id='word_1_166' title='bbox 297 1986 334 2047; x_wconf 92' lang='lat' dir='ltr'><strong>ad</strong></span> <span class='ocrx_word' id='word_1_167' title='bbox 350 1986 471 2048; x_wconf 82' lang='lat' dir='ltr'><strong>honum.</strong></span> <span class='ocrx_word' id='word_1_168' title='bbox 502 1986 618 2047; x_wconf 90' lang='lat' dir='ltr'><strong>Bonum</strong></span> <span class='ocrx_word' id='word_1_169' title='bbox 635 1987 714 2048; x_wconf 88' lang='lat' dir='ltr'><strong>enim</strong></span> <span class='ocrx_word' id='word_1_170' title='bbox 728 1986 853 2067; x_wconf 83' lang='lat' dir='ltr'><strong>simplex</strong></span> <span class='ocrx_word' id='word_1_171' title='bbox 870 1995 930 2060; x_wconf 87' lang='lat' dir='ltr'><strong>est,</strong></span> <span class='ocrx_word' id='word_1_172' title='bbox 951 1990 1061 2050; x_wconf 87' lang='lat' dir='ltr'><strong>malum</strong></span> <span class='ocrx_word' id='word_1_173' title='bbox 1078 1989 1272 2051; x_wconf 83' lang='lat' dir='ltr'><strong>ntultifonne:</strong></span> 
     </span>
     <span class='ocr_line' id='line_1_21' title="bbox 160 2073 1272 2155; baseline 0.004 -22"><span class='ocrx_word' id='word_1_174' title='bbox 160 2092 196 2135; x_wconf 92' lang='lat' dir='ltr'><strong>ac</strong></span> <span class='ocrx_word' id='word_1_175' title='bbox 217 2073 377 2134; x_wconf 87' lang='lat' dir='ltr'><strong>virbonus</strong></span> <span class='ocrx_word' id='word_1_176' title='bbox 396 2074 515 2152; x_wconf 89' lang='lat' dir='ltr'><strong>quidem</strong></span> <span class='ocrx_word' id='word_1_177' title='bbox 536 2094 658 2154; x_wconf 83' lang='lat' dir='ltr'><strong>semper</strong></span> <span class='ocrx_word' id='word_1_178' title='bbox 676 2075 721 2135; x_wconf 91' lang='lat' dir='ltr'><strong>sui</strong></span> <span class='ocrx_word' id='word_1_179' title='bbox 742 2073 844 2134; x_wconf 88' lang='lat' dir='ltr'><strong>similis</strong></span> <span class='ocrx_word' id='word_1_180' title='bbox 865 2082 912 2136; x_wconf 91' lang='lat' dir='ltr'><strong>est</strong></span> <span class='ocrx_word' id='word_1_181' title='bbox 931 2094 1029 2155; x_wconf 88' lang='lat' dir='ltr'><strong>neque</strong></span> <span class='ocrx_word' id='word_1_182' title='bbox 1046 2085 1140 2138; x_wconf 83' lang='lat' dir='ltr'><strong>mutat</strong></span> <span class='ocrx_word' id='word_1_183' title='bbox 1158 2096 1272 2139; x_wconf 90' lang='lat' dir='ltr'><strong>mores:</strong></span> 
     </span>
     <span class='ocr_line' id='line_1_22' title="bbox 161 2160 1272 2245; baseline 0.003 -23"><span class='ocrx_word' id='word_1_184' title='bbox 161 2161 256 2223; x_wconf 87' lang='lat' dir='ltr'><strong>malus</strong></span> <span class='ocrx_word' id='word_1_185' title='bbox 279 2178 349 2222; x_wconf 85' lang='lat' dir='ltr'><strong>vero</strong></span> <span class='ocrx_word' id='word_1_186' title='bbox 370 2168 399 2222; x_wconf 89' lang='lat' dir='ltr'><strong>et</strong></span> <span class='ocrx_word' id='word_1_187' title='bbox 418 2163 526 2224; x_wconf 90' lang='lat' dir='ltr'><strong>stultus</strong></span> <span class='ocrx_word' id='word_1_188' title='bbox 545 2181 609 2222; x_wconf 91' lang='lat' dir='ltr'><strong>non</strong></span> <span class='ocrx_word' id='word_1_189' title='bbox 634 2170 679 2223; x_wconf 88' lang='lat' dir='ltr'><strong>est</strong></span> <span class='ocrx_word' id='word_1_190' title='bbox 696 2160 741 2223; x_wconf 88' lang='lat' dir='ltr'><strong>sui</strong></span> <span class='ocrx_word' id='word_1_191' title='bbox 764 2161 866 2222; x_wconf 85' lang='lat' dir='ltr'><strong>sinulis</strong></span> <span class='ocrx_word' id='word_1_192' title='bbox 888 2182 975 2224; x_wconf 89' lang='lat' dir='ltr'><strong>moue</strong></span> <span class='ocrx_word' id='word_1_193' title='bbox 993 2182 1027 2225; x_wconf 95' lang='lat' dir='ltr'><strong>ac</strong></span> <span class='ocrx_word' id='word_1_194' title='bbox 1046 2165 1172 2245; x_wconf 82' lang='lat' dir='ltr'><strong>vesperi.</strong></span> <span class='ocrx_word' id='word_1_195' title='bbox 1214 2165 1272 2225; x_wconf 90' lang='lat' dir='ltr'><strong>lta-</strong></span> 
     </span>
     <span class='ocr_line' id='line_1_23' title="bbox 162 2247 1272 2331; baseline 0.002 -20"><span class='ocrx_word' id='word_1_196' title='bbox 162 2269 220 2330; x_wconf 85' lang='lat' dir='ltr'><strong>que</strong></span> <span class='ocrx_word' id='word_1_197' title='bbox 246 2247 332 2320; x_wconf 86' lang='lat' dir='ltr'><strong>mali,</strong></span> <span class='ocrx_word' id='word_1_198' title='bbox 364 2249 422 2310; x_wconf 88' lang='lat' dir='ltr'><strong>nisi</strong></span> <span class='ocrx_word' id='word_1_199' title='bbox 452 2249 562 2311; x_wconf 89' lang='lat' dir='ltr'><strong>similes</strong></span> <span class='ocrx_word' id='word_1_200' title='bbox 594 2249 648 2310; x_wconf 81' lang='lat' dir='ltr'><strong>siai</strong></span> <span class='ocrx_word' id='word_1_201' title='bbox 676 2249 890 2328; x_wconf 85' lang='lat' dir='ltr'><strong>quadamtenus</strong></span> <span class='ocrx_word' id='word_1_202' title='bbox 917 2270 1012 2331; x_wconf 89' lang='lat' dir='ltr'><strong>coque</strong></span> <span class='ocrx_word' id='word_1_203' title='bbox 1040 2252 1163 2330; x_wconf 82' lang='lat' dir='ltr'><strong>congrui</strong></span> <span class='ocrx_word' id='word_1_204' title='bbox 1193 2260 1272 2324; x_wconf 91' lang='lat' dir='ltr'><strong>sunt,</strong></span> 
     </span>
    </p>

    <p class='ocr_par' dir='ltr' id='par_1_20' title="bbox 113 2335 1348 2855">
     <span class='ocr_line' id='line_1_24' title="bbox 113 2335 1272 2419; baseline 0.002 -21"><span class='ocrx_word' id='word_1_205' title='bbox 113 2340 145 2391; x_wconf 66' lang='grc' dir='ltr'><strong>ιδ</strong></span> <span class='ocrx_word' id='word_1_206' title='bbox 164 2335 251 2398; x_wconf 87' lang='lat' dir='ltr'><strong>amici</strong></span> <span class='ocrx_word' id='word_1_207' title='bbox 277 2337 357 2397; x_wconf 91' lang='lat' dir='ltr'><strong>iuter</strong></span> <span class='ocrx_word' id='word_1_208' title='bbox 385 2357 451 2398; x_wconf 88' lang='lat' dir='ltr'><strong>sese</strong></span> <span class='ocrx_word' id='word_1_209' title='bbox 482 2357 541 2399; x_wconf 93' lang='lat' dir='ltr'><strong>non</strong></span> <span class='ocrx_word' id='word_1_210' title='bbox 565 2344 653 2408; x_wconf 86' lang='lat' dir='ltr'><strong>sunt,</strong></span> <span class='ocrx_word' id='word_1_211' title='bbox 683 2338 736 2398; x_wconf 89' lang='lat' dir='ltr'><strong>scd</strong></span> <span class='ocrx_word' id='word_1_212' title='bbox 757 2336 971 2399; x_wconf 86' lang='lat' dir='ltr'><strong>dissociantur:</strong></span> <span class='ocrx_word' id='word_1_213' title='bbox 1001 2346 1030 2399; x_wconf 89' lang='lat' dir='ltr'><strong>at</strong></span> <span class='ocrx_word' id='word_1_214' title='bbox 1052 2358 1126 2419; x_wconf 91' lang='lat' dir='ltr'><strong>quae</strong></span> <span class='ocrx_word' id='word_1_215' title='bbox 1147 2339 1272 2401; x_wconf 86' lang='lat' dir='ltr'><strong>amicitia</strong></span> 
     </span>
     <span class='ocr_line' id='line_1_25' title="bbox 162 2424 1273 2498; baseline 0.003 -14"><span class='ocrx_word' id='word_1_216' title='bbox 162 2443 222 2484; x_wconf 90' lang='lat' dir='ltr'><strong>uon</strong></span> <span class='ocrx_word' id='word_1_217' title='bbox 243 2425 328 2484; x_wconf 87' lang='lat' dir='ltr'><strong>firma</strong></span> <span class='ocrx_word' id='word_1_218' title='bbox 351 2432 412 2496; x_wconf 88' lang='lat' dir='ltr'><strong>est,</strong></span> <span class='ocrx_word' id='word_1_219' title='bbox 441 2443 475 2485; x_wconf 88' lang='lat' dir='ltr'><strong>ea</strong></span> <span class='ocrx_word' id='word_1_220' title='bbox 497 2444 558 2485; x_wconf 89' lang='lat' dir='ltr'><strong>non</strong></span> <span class='ocrx_word' id='word_1_221' title='bbox 581 2424 705 2486; x_wconf 90' lang='lat' dir='ltr'><strong>amicitia</strong></span> <span class='ocrx_word' id='word_1_222' title='bbox 733 2433 786 2486; x_wconf 87' lang='grc' dir='ltr'><strong>εει</strong></span> <span class='ocrx_word' id='word_1_223' title='bbox 838 2426 937 2498; x_wconf 86' lang='lat' dir='ltr'><strong>Quare</strong></span> <span class='ocrx_word' id='word_1_224' title='bbox 957 2426 1052 2488; x_wconf 90' lang='lat' dir='ltr'><strong>simile</strong></span> <span class='ocrx_word' id='word_1_225' title='bbox 1074 2435 1199 2489; x_wconf 90' lang='lat' dir='ltr'><strong>catenus</strong></span> <span class='ocrx_word' id='word_1_226' title='bbox 1217 2427 1273 2488; x_wconf 91' lang='lat' dir='ltr'><strong>sihi</strong></span> 
     </span>
     <span class='ocr_line' id='line_1_26' title="bbox 161 2511 1273 2595; baseline 0.005 -24"><span class='ocrx_word' id='word_1_227' title='bbox 161 2511 287 2573; x_wconf 90' lang='lat' dir='ltr'><strong>amicum</strong></span> <span class='ocrx_word' id='word_1_228' title='bbox 309 2518 371 2583; x_wconf 86' lang='lat' dir='ltr'><strong>est,</strong></span> <span class='ocrx_word' id='word_1_229' title='bbox 401 2512 469 2591; x_wconf 77' lang='lat' dir='ltr'><strong>quia</strong></span> <span class='ocrx_word' id='word_1_230' title='bbox 489 2512 601 2572; x_wconf 91' lang='lat' dir='ltr'><strong>bouum</strong></span> <span class='ocrx_word' id='word_1_231' title='bbox 625 2511 680 2572; x_wconf 90' lang='lat' dir='ltr'><strong>sibi</strong></span> <span class='ocrx_word' id='word_1_232' title='bbox 704 2512 799 2574; x_wconf 90' lang='lat' dir='ltr'><strong>simile</strong></span> <span class='ocrx_word' id='word_1_233' title='bbox 817 2521 881 2572; x_wconf 87' lang='lat' dir='ltr'><strong>est:</strong></span> <span class='ocrx_word' id='word_1_234' title='bbox 911 2532 1088 2595; x_wconf 88' lang='lat' dir='ltr'><strong>quamquam</strong></span> <span class='ocrx_word' id='word_1_235' title='bbox 1115 2515 1202 2576; x_wconf 89' lang='lat' dir='ltr'><strong>etiam</strong></span> <span class='ocrx_word' id='word_1_236' title='bbox 1225 2535 1273 2576; x_wconf 93' lang='lat' dir='ltr'><strong>ra·</strong></span> 
     </span>
     <span class='ocr_line' id='line_1_27' title="bbox 160 2597 1348 2683; baseline 0.007 -25"><span class='ocrx_word' id='word_1_237' title='bbox 160 2597 243 2659; x_wconf 85' lang='lat' dir='ltr'><strong>tione</strong></span> <span class='ocrx_word' id='word_1_238' title='bbox 258 2597 380 2659; x_wconf 90' lang='lat' dir='ltr'><strong>iucundi</strong></span> <span class='ocrx_word' id='word_1_239' title='bbox 404 2598 618 2679; x_wconf 81' lang='lat' dir='ltr'><strong>quadamtenus</strong></span> <span class='ocrx_word' id='word_1_240' title='bbox 638 2599 666 2658; x_wconf 94' lang='lat' dir='ltr'><strong>in</strong></span> <span class='ocrx_word' id='word_1_241' title='bbox 687 2599 812 2661; x_wconf 88' lang='lat' dir='ltr'><strong>amicitia</strong></span> <span class='ocrx_word' id='word_1_242' title='bbox 829 2600 990 2662; x_wconf 85' lang='lat' dir='ltr'><strong>similitudo</strong></span> <span class='ocrx_word' id='word_1_243' title='bbox 1009 2601 1094 2664; x_wconf 87' lang='lat' dir='ltr'><strong>valet.</strong></span> <span class='ocrx_word' id='word_1_244' title='bbox 1134 2603 1207 2665; x_wconf 87' lang='lat' dir='ltr'><strong>Nam</strong></span> <span class='ocrx_word' id='word_1_245' title='bbox 1223 2602 1272 2683; x_wconf 90' lang='lat' dir='ltr'><strong>qui</strong></span> <span class='ocrx_word' id='word_1_246' title='bbox 1345 2659 1348 2666; x_wconf 91' lang='lat'>.</span> 
     </span>
     <span class='ocr_line' id='line_1_28' title="bbox 162 2684 1272 2770; baseline 0.005 -25"><span class='ocrx_word' id='word_1_247' title='bbox 162 2684 274 2745; x_wconf 86' lang='lat' dir='ltr'><strong>similes</strong></span> <span class='ocrx_word' id='word_1_248' title='bbox 296 2693 375 2758; x_wconf 88' lang='lat' dir='ltr'><strong>sunt,</strong></span> <span class='ocrx_word' id='word_1_249' title='bbox 399 2686 435 2746; x_wconf 92' lang='lat' dir='ltr'><strong>iis</strong></span> <span class='ocrx_word' id='word_1_250' title='bbox 456 2686 559 2746; x_wconf 89' lang='lat' dir='ltr'><strong>eadem</strong></span> <span class='ocrx_word' id='word_1_251' title='bbox 578 2685 706 2748; x_wconf 86' lang='lat' dir='ltr'><strong>iucunda</strong></span> <span class='ocrx_word' id='word_1_252' title='bbox 723 2695 802 2759; x_wconf 89' lang='lat' dir='ltr'><strong>sunt,</strong></span> <span class='ocrx_word' id='word_1_253' title='bbox 817 2696 849 2748; x_wconf 90' lang='lat' dir='ltr'><strong>et</strong></span> <span class='ocrx_word' id='word_1_254' title='bbox 864 2706 953 2750; x_wconf 90' lang='lat' dir='ltr'><strong>omne</strong></span> <span class='ocrx_word' id='word_1_255' title='bbox 969 2689 1077 2750; x_wconf 88' lang='lat' dir='ltr'><strong>animal</strong></span> <span class='ocrx_word' id='word_1_256' title='bbox 1099 2690 1156 2752; x_wconf 87' lang='lat' dir='ltr'><strong>sibi</strong></span> <span class='ocrx_word' id='word_1_257' title='bbox 1174 2690 1272 2770; x_wconf 85' lang='lat' dir='ltr'><strong>ipsum</strong></span> 
     </span>
     <span class='ocr_line' id='line_1_29' title="bbox 159 2771 1273 2855; baseline 0.006 -23"><span class='ocrx_word' id='word_1_258' title='bbox 159 2773 266 2833; x_wconf 83' lang='lat' dir='ltr'><strong>naturai</strong></span> <span class='ocrx_word' id='word_1_259' title='bbox 286 2771 450 2846; x_wconf 86' lang='lat' dir='ltr'><strong>iucundum</strong></span> <span class='ocrx_word' id='word_1_260' title='bbox 470 2780 524 2833; x_wconf 90' lang='lat' dir='ltr'><strong>est.</strong></span> <span class='ocrx_word' id='word_1_261' title='bbox 563 2773 665 2845; x_wconf 74' lang='lat' dir='ltr'><strong>Quare</strong></span> <span class='ocrx_word' id='word_1_262' title='bbox 690 2784 719 2834; x_wconf 89' lang='lat' dir='ltr'><strong>ct</strong></span> <span class='ocrx_word' id='word_1_263' title='bbox 744 2794 831 2836; x_wconf 85' lang='lat' dir='ltr'><strong>voces</strong></span> <span class='ocrx_word' id='word_1_264' title='bbox 852 2782 883 2835; x_wconf 89' lang='lat' dir='ltr'><strong>et</strong></span> <span class='ocrx_word' id='word_1_265' title='bbox 902 2776 1129 2855; x_wconf 81' lang='lat' dir='ltr'><strong>congressiones</strong></span> <span class='ocrx_word' id='word_1_266' title='bbox 1152 2786 1182 2839; x_wconf 95' lang='lat' dir='ltr'><strong>et</strong></span> <span class='ocrx_word' id='word_1_267' title='bbox 1201 2798 1273 2838; x_wconf 92' lang='lat' dir='ltr'><strong>con-</strong></span> 
     </span>
    </p>

    <p class='ocr_par' dir='ltr' id='par_1_21' title="bbox 115 2859 1274 3115">
     <span class='ocr_line' id='line_1_30' title="bbox 115 2859 1273 2943; baseline 0.003 -23"><span class='ocrx_word' id='word_1_268' title='bbox 115 2863 145 2912; x_wconf 67' lang='lat'><strong>20</strong></span> <span class='ocrx_word' id='word_1_269' title='bbox 164 2859 307 2920; x_wconf 85' lang='lat' dir='ltr'><strong>victioues</strong></span> <span class='ocrx_word' id='word_1_270' title='bbox 330 2878 440 2938; x_wconf 86' lang='lat' dir='ltr'><strong>genere</strong></span> <span class='ocrx_word' id='word_1_271' title='bbox 464 2868 659 2937; x_wconf 81' lang='lat' dir='ltr'><strong>cognatorum</strong></span> <span class='ocrx_word' id='word_1_272' title='bbox 685 2860 914 2924; x_wconf 86' lang='lat' dir='ltr'><strong>iucundissimae</strong></span> <span class='ocrx_word' id='word_1_273' title='bbox 942 2870 1013 2924; x_wconf 91' lang='lat' dir='ltr'><strong>sunt</strong></span> <span class='ocrx_word' id='word_1_274' title='bbox 1033 2882 1123 2943; x_wconf 90' lang='lat' dir='ltr'><strong>quum</strong></span> <span class='ocrx_word' id='word_1_275' title='bbox 1145 2863 1273 2926; x_wconf 87' lang='lat' dir='ltr'><strong>homini-</strong></span> 
     </span>
     <span class='ocr_line' id='line_1_31' title="bbox 162 2946 1274 3026; baseline 0.003 -18"><span class='ocrx_word' id='word_1_276' title='bbox 162 2947 235 3018; x_wconf 77' lang='lat' dir='ltr'><strong>buS,</strong></span> <span class='ocrx_word' id='word_1_277' title='bbox 254 2953 319 3007; x_wconf 84' lang='lat' dir='ltr'><strong>tum</strong></span> <span class='ocrx_word' id='word_1_278' title='bbox 341 2946 451 3008; x_wconf 81' lang='lat' dir='ltr'><strong>ceteris</strong></span> <span class='ocrx_word' id='word_1_279' title='bbox 470 2947 675 3007; x_wconf 86' lang='lat' dir='ltr'><strong>animantibus.</strong></span> <span class='ocrx_word' id='word_1_280' title='bbox 714 2948 809 3026; x_wconf 81' lang='lat' dir='ltr'><strong>Atque</strong></span> <span class='ocrx_word' id='word_1_281' title='bbox 831 2950 886 3008; x_wconf 91' lang='lat' dir='ltr'><strong>hac</strong></span> <span class='ocrx_word' id='word_1_282' title='bbox 901 2948 1022 3026; x_wconf 88' lang='lat' dir='ltr'><strong>quidem</strong></span> <span class='ocrx_word' id='word_1_283' title='bbox 1045 2949 1157 3011; x_wconf 85' lang='lat' dir='ltr'><strong>ratione</strong></span> <span class='ocrx_word' id='word_1_284' title='bbox 1180 2952 1274 3012; x_wconf 89' lang='lat' dir='ltr'><strong>malos</strong></span> 
     </span>
     <span class='ocr_line' id='line_1_32' title="bbox 148 3033 983 3115; baseline 0 -19"><span class='ocrx_word' id='word_1_285' title='bbox 148 3051 280 3113; x_wconf 64' lang='lat' dir='ltr'><strong>„quoquc</strong></span> <span class='ocrx_word' id='word_1_286' title='bbox 300 3033 380 3094; x_wconf 86' lang='lat' dir='ltr'><strong>iuter</strong></span> <span class='ocrx_word' id='word_1_287' title='bbox 402 3054 436 3095; x_wconf 90' lang='grc' dir='ltr'><strong>εε</strong></span> <span class='ocrx_word' id='word_1_288' title='bbox 459 3052 557 3096; x_wconf 89' lang='lat' dir='ltr'><strong>amare</strong></span> <span class='ocrx_word' id='word_1_289' title='bbox 580 3033 652 3094; x_wconf 86' lang='lat' dir='ltr'><strong>nihil</strong></span> <span class='ocrx_word' id='word_1_290' title='bbox 674 3034 805 3114; x_wconf 84' lang='lat' dir='ltr'><strong>impedit.</strong></span> <span class='ocrx_word' id='word_1_291' title='bbox 849 3034 983 3115; x_wconf 85' lang='lat' dir='ltr'><strong>Namque</strong></span> 
     </span>
    </p>

    <p class='ocr_par' dir='ltr' id='par_1_22' title="bbox 350 3121 1034 3202">
     <span class='ocr_line' id='line_1_33' title="bbox 350 3121 1034 3202; baseline 0.004 -21"><span class='ocrx_word' id='word_1_292' title='bbox 350 3121 467 3192; x_wconf 82' lang='lat' dir='ltr'><strong>„Molos</strong></span> <span class='ocrx_word' id='word_1_293' title='bbox 490 3121 625 3199; x_wconf 79' lang='lat' dir='ltr'><strong>voluptas</strong></span> <span class='ocrx_word' id='word_1_294' title='bbox 645 3124 754 3202; x_wconf 72' lang='lat' dir='ltr'><strong>constat</strong></span> <span class='ocrx_word' id='word_1_295' title='bbox 774 3133 861 3202; x_wconf 83' lang='lat' dir='ltr'><strong>atque</strong></span> <span class='ocrx_word' id='word_1_296' title='bbox 883 3122 1034 3201; x_wconf 80' lang='lat' dir='ltr'><strong>copulat.“</strong></span> 
     </span>
    </p>

    <p class='ocr_par' dir='ltr' id='par_1_23' title="bbox 113 3207 1275 3814">
     <span class='ocr_line' id='line_1_34' title="bbox 235 3207 1272 3292; baseline 0.008 -25"><span class='ocrx_word' id='word_1_297' title='bbox 235 3207 420 3270; x_wconf 84' lang='lat' dir='ltr'><strong>Contrarium</strong></span> <span class='ocrx_word' id='word_1_298' title='bbox 442 3216 540 3271; x_wconf 88' lang='lat' dir='ltr'><strong>autem</strong></span> <span class='ocrx_word' id='word_1_299' title='bbox 559 3208 708 3269; x_wconf 85' lang='lat' dir='ltr'><strong>contrario</strong></span> <span class='ocrx_word' id='word_1_300' title='bbox 727 3209 853 3270; x_wconf 87' lang='lat' dir='ltr'><strong>amioum</strong></span> <span class='ocrx_word' id='word_1_301' title='bbox 874 3217 922 3271; x_wconf 89' lang='lat' dir='ltr'><strong>cst</strong></span> <span class='ocrx_word' id='word_1_302' title='bbox 943 3218 977 3270; x_wconf 93' lang='lat' dir='ltr'><strong>ut</strong></span> <span class='ocrx_word' id='word_1_303' title='bbox 992 3210 1080 3272; x_wconf 87' lang='lat' dir='ltr'><strong>utile:</strong></span> <span class='ocrx_word' id='word_1_304' title='bbox 1102 3231 1171 3274; x_wconf 92' lang='lat' dir='ltr'><strong>nam</strong></span> <span class='ocrx_word' id='word_1_305' title='bbox 1194 3214 1272 3292; x_wconf 92' lang='lat' dir='ltr'><strong>quod</strong></span> 
     </span>
     <span class='ocr_line' id='line_1_35' title="bbox 161 3293 1275 3379; baseline 0.006 -24"><span class='ocrx_word' id='word_1_306' title='bbox 161 3293 217 3355; x_wconf 89' lang='lat' dir='ltr'><strong>sibi</strong></span> <span class='ocrx_word' id='word_1_307' title='bbox 236 3294 342 3367; x_wconf 88' lang='lat' dir='ltr'><strong>simile,</strong></span> <span class='ocrx_word' id='word_1_308' title='bbox 364 3296 394 3357; x_wconf 91' lang='lat' dir='ltr'><strong>id</strong></span> <span class='ocrx_word' id='word_1_309' title='bbox 405 3297 464 3358; x_wconf 87' lang='lat' dir='ltr'><strong>sibi</strong></span> <span class='ocrx_word' id='word_1_310' title='bbox 482 3295 585 3358; x_wconf 90' lang='lat' dir='ltr'><strong>inutile</strong></span> <span class='ocrx_word' id='word_1_311' title='bbox 608 3304 661 3356; x_wconf 85' lang='lat' dir='ltr'><strong>est.</strong></span> <span class='ocrx_word' id='word_1_312' title='bbox 697 3298 760 3370; x_wconf 80' lang='lat' dir='ltr'><strong>Qua</strong></span> <span class='ocrx_word' id='word_1_313' title='bbox 780 3296 817 3356; x_wconf 90' lang='lat' dir='ltr'><strong>de</strong></span> <span class='ocrx_word' id='word_1_314' title='bbox 839 3315 926 3359; x_wconf 89' lang='lat' dir='ltr'><strong>causa</strong></span> <span class='ocrx_word' id='word_1_315' title='bbox 945 3297 1082 3359; x_wconf 91' lang='lat' dir='ltr'><strong>dominus</strong></span> <span class='ocrx_word' id='word_1_316' title='bbox 1100 3319 1187 3360; x_wconf 88' lang='lat' dir='ltr'><strong>servo</strong></span> <span class='ocrx_word' id='word_1_317' title='bbox 1208 3308 1275 3379; x_wconf 85' lang='lat' dir='ltr'><strong>eget</strong></span> 
     </span>
     <span class='ocr_line' id='line_1_36' title="bbox 113 3383 1273 3473; baseline 0.004 -31"><span class='ocrx_word' id='word_1_318' title='bbox 113 3398 145 3442; x_wconf 73' lang='lat' dir='ltr'><strong>aa</strong></span> <span class='ocrx_word' id='word_1_319' title='bbox 165 3390 195 3442; x_wconf 92' lang='lat' dir='ltr'><strong>et</strong></span> <span class='ocrx_word' id='word_1_320' title='bbox 221 3401 331 3443; x_wconf 87' lang='lat' dir='ltr'><strong>servus·</strong></span> <span class='ocrx_word' id='word_1_321' title='bbox 349 3384 486 3457; x_wconf 92' lang='lat' dir='ltr'><strong>domiuo,</strong></span> <span class='ocrx_word' id='word_1_322' title='bbox 518 3394 547 3444; x_wconf 89' lang='lat' dir='ltr'><strong>ct</strong></span> <span class='ocrx_word' id='word_1_323' title='bbox 575 3403 648 3445; x_wconf 84' lang='lat' dir='ltr'><strong>uxor</strong></span> <span class='ocrx_word' id='word_1_324' title='bbox 674 3392 762 3464; x_wconf 90' lang='lat' dir='ltr'><strong>atquc</strong></span> <span class='ocrx_word' id='word_1_325' title='bbox 790 3383 911 3444; x_wconf 87' lang='lat' dir='ltr'><strong>maritus</strong></span> <span class='ocrx_word' id='word_1_326' title='bbox 934 3393 1070 3447; x_wconf 90' lang='lat' dir='ltr'><strong>mutuum</strong></span> <span class='ocrx_word' id='word_1_327' title='bbox 1095 3386 1273 3473; x_wconf 80' lang='lat' dir='ltr'><strong>adiutorium</strong></span> 
     </span>
     <span class='ocr_line' id='line_1_37' title="bbox 162 3470 1273 3549; baseline 0.006 -20"><span class='ocrx_word' id='word_1_328' title='bbox 162 3477 332 3549; x_wconf 69' lang='lat' dir='ltr'><strong>eupetunt:¹</strong></span> <span class='ocrx_word' id='word_1_329' title='bbox 347 3479 376 3532; x_wconf 91' lang='grc' dir='ltr'><strong>ει</strong></span> <span class='ocrx_word' id='word_1_330' title='bbox 398 3470 588 3541; x_wconf 82' lang='lat' dir='ltr'><strong>contrarium,</strong></span> <span class='ocrx_word' id='word_1_331' title='bbox 610 3480 643 3532; x_wconf 90' lang='lat' dir='ltr'><strong>ut</strong></span> <span class='ocrx_word' id='word_1_332' title='bbox 659 3472 739 3543; x_wconf 92' lang='lat' dir='ltr'><strong>utile,</strong></span> <span class='ocrx_word' id='word_1_333' title='bbox 762 3471 924 3533; x_wconf 87' lang='lat' dir='ltr'><strong>iucundum</strong></span> <span class='ocrx_word' id='word_1_334' title='bbox 943 3491 978 3533; x_wconf 92' lang='lat' dir='ltr'><strong>ac</strong></span> <span class='ocrx_word' id='word_1_335' title='bbox 1001 3471 1199 3535; x_wconf 86' lang='lat' dir='ltr'><strong>desideratum</strong></span> <span class='ocrx_word' id='word_1_336' title='bbox 1219 3481 1273 3547; x_wconf 90' lang='lat' dir='ltr'><strong>cst,</strong></span> 
     </span>
     <span class='ocr_line' id='line_1_38' title="bbox 162 3558 1274 3642; baseline 0.006 -26"><span class='ocrx_word' id='word_1_337' title='bbox 162 3576 223 3617; x_wconf 92' lang='lat' dir='ltr'><strong>non</strong></span> <span class='ocrx_word' id='word_1_338' title='bbox 247 3565 395 3638; x_wconf 89' lang='lat' dir='ltr'><strong>tamquam</strong></span> <span class='ocrx_word' id='word_1_339' title='bbox 415 3558 445 3618; x_wconf 93' lang='lat' dir='ltr'><strong>in</strong></span> <span class='ocrx_word' id='word_1_340' title='bbox 469 3560 527 3619; x_wconf 86' lang='lat' dir='ltr'><strong>tine</strong></span> <span class='ocrx_word' id='word_1_341' title='bbox 550 3559 726 3631; x_wconf 85' lang='lat' dir='ltr'><strong>consistens,</strong></span> <span class='ocrx_word' id='word_1_342' title='bbox 754 3559 807 3620; x_wconf 89' lang='lat' dir='ltr'><strong>sed</strong></span> <span class='ocrx_word' id='word_1_343' title='bbox 828 3565 974 3638; x_wconf 91' lang='lat' dir='ltr'><strong>tamquam</strong></span> <span class='ocrx_word' id='word_1_344' title='bbox 997 3560 1142 3623; x_wconf 86' lang='lat' dir='ltr'><strong>adfinem</strong></span> <span class='ocrx_word' id='word_1_345' title='bbox 1161 3562 1274 3642; x_wconf 83' lang='lat' dir='ltr'><strong>perdu-</strong></span> 
     </span>
     <span class='ocr_line' id='line_1_39' title="bbox 162 3643 1271 3728; baseline 0.006 -24"><span class='ocrx_word' id='word_1_346' title='bbox 162 3663 242 3704; x_wconf 89' lang='lat' dir='ltr'><strong>cens.</strong></span> <span class='ocrx_word' id='word_1_347' title='bbox 282 3644 355 3706; x_wconf 90' lang='lat' dir='ltr'><strong>Nam</strong></span> <span class='ocrx_word' id='word_1_348' title='bbox 374 3646 491 3725; x_wconf 89' lang='lat' dir='ltr'><strong>quando</strong></span> <span class='ocrx_word' id='word_1_349' title='bbox 515 3643 584 3725; x_wconf 90' lang='lat' dir='ltr'><strong>quid</strong></span> <span class='ocrx_word' id='word_1_350' title='bbox 602 3655 721 3708; x_wconf 89' lang='lat' dir='ltr'><strong>nactum</strong></span> <span class='ocrx_word' id='word_1_351' title='bbox 745 3653 791 3707; x_wconf 93' lang='grc' dir='ltr'><strong>εει</strong></span> <span class='ocrx_word' id='word_1_352' title='bbox 813 3646 895 3719; x_wconf 91' lang='lat' dir='ltr'><strong>illud,</strong></span> <span class='ocrx_word' id='word_1_353' title='bbox 918 3648 998 3727; x_wconf 89' lang='lat' dir='ltr'><strong>quod</strong></span> <span class='ocrx_word' id='word_1_354' title='bbox 1019 3648 1190 3728; x_wconf 85' lang='lat' dir='ltr'><strong>appetebat,</strong></span> <span class='ocrx_word' id='word_1_355' title='bbox 1210 3658 1271 3711; x_wconf 91' lang='lat' dir='ltr'><strong>tum</strong></span> 
     </span>
     <span class='ocr_line' id='line_1_40' title="bbox 162 3729 1273 3814; baseline 0.008 -24"><span class='ocrx_word' id='word_1_356' title='bbox 162 3729 192 3790; x_wconf 92' lang='lat' dir='ltr'><strong>in</strong></span> <span class='ocrx_word' id='word_1_357' title='bbox 215 3732 275 3791; x_wconf 88' lang='lat' dir='ltr'><strong>line</strong></span> <span class='ocrx_word' id='word_1_358' title='bbox 305 3732 439 3793; x_wconf 86' lang='lat' dir='ltr'><strong>consistit</strong></span> <span class='ocrx_word' id='word_1_359' title='bbox 465 3731 601 3813; x_wconf 88' lang='lat' dir='ltr'><strong>quidem,</strong></span> <span class='ocrx_word' id='word_1_360' title='bbox 636 3754 734 3814; x_wconf 86' lang='lat' dir='ltr'><strong>neque</strong></span> <span class='ocrx_word' id='word_1_361' title='bbox 760 3742 858 3795; x_wconf 81' lang='lat' dir='ltr'><strong>tanton</strong></span> <span class='ocrx_word' id='word_1_362' title='bbox 889 3734 1068 3797; x_wconf 86' lang='lat' dir='ltr'><strong>desiderium</strong></span> <span class='ocrx_word' id='word_1_363' title='bbox 1090 3737 1180 3799; x_wconf 74' lang='lat' dir='ltr'><strong>hrdiet</strong></span> <span class='ocrx_word' id='word_1_364' title='bbox 1201 3757 1273 3799; x_wconf 93' lang='lat' dir='ltr'><strong>con·</strong></span> 
     </span>
    </p>

    <p class='ocr_par' dir='ltr' id='par_1_24' title="bbox 162 3817 910 3897">
     <span class='ocr_line' id='line_1_41' title="bbox 162 3817 910 3897; baseline 0.005 -20"><span class='ocrx_word' id='word_1_365' title='bbox 162 3817 253 3891; x_wconf 86' lang='lat' dir='ltr'><strong>trarii,</strong></span> <span class='ocrx_word' id='word_1_366' title='bbox 274 3826 309 3879; x_wconf 90' lang='lat' dir='ltr'><strong>ut</strong></span> <span class='ocrx_word' id='word_1_367' title='bbox 328 3819 456 3881; x_wconf 88' lang='lat' dir='ltr'><strong>calidum</strong></span> <span class='ocrx_word' id='word_1_368' title='bbox 479 3818 576 3897; x_wconf 78' lang='lat' dir='ltr'><strong>frigidi</strong></span> <span class='ocrx_word' id='word_1_369' title='bbox 600 3831 630 3881; x_wconf 90' lang='lat' dir='ltr'><strong>et</strong></span> <span class='ocrx_word' id='word_1_370' title='bbox 651 3822 766 3883; x_wconf 84' lang='lat' dir='ltr'><strong>aridum</strong></span> <span class='ocrx_word' id='word_1_371' title='bbox 786 3820 910 3882; x_wconf 80' lang='lat' dir='ltr'><strong>humidi.</strong></span> 
     </span>
    </p>

    <p class='ocr_par' dir='ltr' id='par_1_25' title="bbox 114 3905 1276 4248">
     <span class='ocr_line' id='line_1_42' title="bbox 114 3905 1273 3980; baseline 0.006 -15"><span class='ocrx_word' id='word_1_372' title='bbox 114 3916 145 3958; x_wconf 69' lang='grc' dir='ltr'><strong><em>ω</em></strong></span> <span class='ocrx_word' id='word_1_373' title='bbox 251 3905 478 3976; x_wconf 80' lang='lat' dir='ltr'><strong>Quodammodo</strong></span> <span class='ocrx_word' id='word_1_374' title='bbox 497 3914 594 3967; x_wconf 76' lang='lat' dir='ltr'><strong>maten</strong></span> <span class='ocrx_word' id='word_1_375' title='bbox 613 3909 699 3969; x_wconf 90' lang='lat' dir='ltr'><strong>etiam</strong></span> <span class='ocrx_word' id='word_1_376' title='bbox 718 3907 842 3969; x_wconf 90' lang='lat' dir='ltr'><strong>amicitia</strong></span> <span class='ocrx_word' id='word_1_377' title='bbox 860 3907 1009 3980; x_wconf 89' lang='lat' dir='ltr'><strong>contrarii,</strong></span> <span class='ocrx_word' id='word_1_378' title='bbox 1021 3909 1096 3972; x_wconf 21' lang='lat' dir='ltr'><strong>,honi</strong></span> <span class='ocrx_word' id='word_1_379' title='bbox 1115 3918 1168 3972; x_wconf 80' lang='lat' dir='ltr'><strong>cst</strong></span> <span class='ocrx_word' id='word_1_380' title='bbox 1202 3909 1273 3972; x_wconf 90' lang='lat' dir='ltr'><strong>Nam</strong></span> 
     </span>
     <span class='ocr_line' id='line_1_43' title="bbox 164 3990 1276 4076; baseline 0.009 -26"><span class='ocrx_word' id='word_1_381' title='bbox 164 3990 311 4052; x_wconf 88' lang='lat' dir='ltr'><strong>contraria</strong></span> <span class='ocrx_word' id='word_1_382' title='bbox 339 4012 406 4054; x_wconf 86' lang='lat' dir='ltr'><strong>sese</strong></span> <span class='ocrx_word' id='word_1_383' title='bbox 436 3992 607 4054; x_wconf 86' lang='lat' dir='ltr'><strong>desiderant</strong></span> <span class='ocrx_word' id='word_1_384' title='bbox 634 4002 665 4056; x_wconf 88' lang='lat' dir='ltr'><strong>et</strong></span> <span class='ocrx_word' id='word_1_385' title='bbox 694 4001 838 4075; x_wconf 70' lang='lat' dir='ltr'><strong>expmunt</strong></span> <span class='ocrx_word' id='word_1_386' title='bbox 858 4002 984 4074; x_wconf 84' lang='lat' dir='ltr'><strong>propter</strong></span> <span class='ocrx_word' id='word_1_387' title='bbox 1010 3995 1057 4066; x_wconf 92' lang='lat' dir='ltr'><strong>id,</strong></span> <span class='ocrx_word' id='word_1_388' title='bbox 1089 3997 1168 4076; x_wconf 90' lang='lat' dir='ltr'><strong>quod</strong></span> <span class='ocrx_word' id='word_1_389' title='bbox 1196 3997 1276 4061; x_wconf 90' lang='lat' dir='ltr'><strong>iuter</strong></span> 
     </span>
     <span class='ocr_line' id='line_1_44' title="bbox 159 4078 1273 4164; baseline 0.007 -27"><span class='ocrx_word' id='word_1_390' title='bbox 159 4078 249 4139; x_wconf 83' lang='lat' dir='ltr'><strong>ambo</strong></span> <span class='ocrx_word' id='word_1_391' title='bbox 279 4079 409 4143; x_wconf 87' lang='lat' dir='ltr'><strong>medium</strong></span> <span class='ocrx_word' id='word_1_392' title='bbox 438 4088 499 4141; x_wconf 84' lang='lat' dir='ltr'><strong>cst:</strong></span> <span class='ocrx_word' id='word_1_393' title='bbox 534 4079 632 4158; x_wconf 82' lang='lat' dir='ltr'><strong>itaque</strong></span> <span class='ocrx_word' id='word_1_394' title='bbox 659 4091 692 4143; x_wconf 88' lang='lat' dir='ltr'><strong>ut</strong></span> <span class='ocrx_word' id='word_1_395' title='bbox 720 4100 851 4160; x_wconf 78' lang='lat' dir='ltr'><strong>congrua</strong></span> <span class='ocrx_word' id='word_1_396' title='bbox 875 4089 911 4140; x_wconf 87' lang='lat' dir='ltr'><strong>et</strong></span> <span class='ocrx_word' id='word_1_397' title='bbox 941 4082 1116 4160; x_wconf 80' lang='lat' dir='ltr'><strong>cognatione</strong></span> <span class='ocrx_word' id='word_1_398' title='bbox 1147 4086 1273 4164; x_wconf 86' lang='lat' dir='ltr'><strong>quadam</strong></span> 
     </span>
     <span class='ocr_line' id='line_1_45' title="bbox 164 4165 1274 4248; baseline 0.007 -23"><span class='ocrx_word' id='word_1_399' title='bbox 164 4165 251 4225; x_wconf 87' lang='lat' dir='ltr'><strong>ducta</strong></span> <span class='ocrx_word' id='word_1_400' title='bbox 277 4184 344 4226; x_wconf 90' lang='lat' dir='ltr'><strong>sese</strong></span> <span class='ocrx_word' id='word_1_401' title='bbox 375 4173 477 4227; x_wconf 89' lang='lat' dir='ltr'><strong>mutuo</strong></span> <span class='ocrx_word' id='word_1_402' title='bbox 491 4174 622 4247; x_wconf 64' lang='lat' dir='ltr'><strong>⁴petunt,</strong></span> <span class='ocrx_word' id='word_1_403' title='bbox 654 4168 720 4248; x_wconf 92' lang='lat' dir='ltr'><strong>quia</strong></span> <span class='ocrx_word' id='word_1_404' title='bbox 741 4170 774 4229; x_wconf 84' lang='lat' dir='ltr'><strong>tit</strong></span> <span class='ocrx_word' id='word_1_405' title='bbox 795 4189 831 4231; x_wconf 84' lang='lat' dir='ltr'><strong>cx</strong></span> <span class='ocrx_word' id='word_1_406' title='bbox 855 4167 1000 4229; x_wconf 89' lang='lat' dir='ltr'><strong>ambobus</strong></span> <span class='ocrx_word' id='word_1_407' title='bbox 1023 4185 1114 4231; x_wconf 76' lang='lat' dir='ltr'><strong>uarum</strong></span> <span class='ocrx_word' id='word_1_408' title='bbox 1133 4171 1274 4233; x_wconf 87' lang='lat' dir='ltr'><strong>medium.</strong></span> 
     </span>
    </p>
   </div>
   <div class='ocr_carea' id='block_1_3' title="bbox 158 4251 1276 4518">
    <p class='ocr_par' dir='ltr' id='par_1_26' title="bbox 158 4251 1276 4518">
     <span class='ocr_line' id='line_1_46' title="bbox 160 4251 1276 4338; baseline 0.007 -26"><span class='ocrx_word' id='word_1_409' title='bbox 160 4251 221 4313; x_wconf 81' lang='lat' dir='ltr'><strong>Sed</strong></span> <span class='ocrx_word' id='word_1_410' title='bbox 247 4251 427 4314; x_wconf 84' lang='lat' dir='ltr'><strong>desiderium</strong></span> <span class='ocrx_word' id='word_1_411' title='bbox 449 4253 521 4315; x_wconf 92' lang='lat' dir='ltr'><strong>illud</strong></span> <span class='ocrx_word' id='word_1_412' title='bbox 542 4255 680 4316; x_wconf 88' lang='lat' dir='ltr'><strong>contrarii</strong></span> <span class='ocrx_word' id='word_1_413' title='bbox 699 4263 745 4316; x_wconf 91' lang='lat' dir='ltr'><strong>est</strong></span> <span class='ocrx_word' id='word_1_414' title='bbox 762 4275 818 4336; x_wconf 87' lang='lat' dir='ltr'><strong>per</strong></span> <span class='ocrx_word' id='word_1_415' title='bbox 840 4253 994 4326; x_wconf 79' lang='lat' dir='ltr'><strong>accidens,</strong></span> <span class='ocrx_word' id='word_1_416' title='bbox 1021 4256 1201 4320; x_wconf 84' lang='lat' dir='ltr'><strong>desiderium</strong></span> <span class='ocrx_word' id='word_1_417' title='bbox 1220 4277 1276 4338; x_wconf 88' lang='lat' dir='ltr'><strong>por</strong></span> 
     </span>
     <span class='ocr_line' id='line_1_47' title="bbox 158 4339 1274 4423; baseline 0.007 -24"><span class='ocrx_word' id='word_1_418' title='bbox 158 4358 196 4400; x_wconf 83' lang='lat' dir='ltr'><strong>se</strong></span> <span class='ocrx_word' id='word_1_419' title='bbox 219 4344 312 4400; x_wconf 74' lang='lat' dir='ltr'><strong>satas</strong></span> <span class='ocrx_word' id='word_1_420' title='bbox 328 4339 417 4402; x_wconf 87' lang='lat' dir='ltr'><strong>medii</strong></span> <span class='ocrx_word' id='word_1_421' title='bbox 437 4347 491 4401; x_wconf 90' lang='lat' dir='ltr'><strong>est.</strong></span> <span class='ocrx_word' id='word_1_422' title='bbox 533 4340 635 4420; x_wconf 85' lang='lat' dir='ltr'><strong>Neque</strong></span> <span class='ocrx_word' id='word_1_423' title='bbox 659 4341 737 4404; x_wconf 89' lang='lat' dir='ltr'><strong>enim</strong></span> <span class='ocrx_word' id='word_1_424' title='bbox 759 4362 794 4404; x_wconf 88' lang='lat' dir='ltr'><strong>so</strong></span> <span class='ocrx_word' id='word_1_425' title='bbox 807 4341 887 4423; x_wconf 81' lang='lat' dir='ltr'><strong>ipsa,</strong></span> <span class='ocrx_word' id='word_1_426' title='bbox 907 4341 963 4404; x_wconf 89' lang='lat' dir='ltr'><strong>sed</strong></span> <span class='ocrx_word' id='word_1_427' title='bbox 977 4342 1022 4416; x_wconf 91' lang='lat' dir='ltr'><strong>id,</strong></span> <span class='ocrx_word' id='word_1_428' title='bbox 1043 4344 1126 4421; x_wconf 83' lang='lat' dir='ltr'><strong>quod</strong></span> <span class='ocrx_word' id='word_1_429' title='bbox 1142 4345 1274 4408; x_wconf 80' lang='lat' dir='ltr'><strong>medium</strong></span> 
     </span>
     <span class='ocr_line' id='line_1_48' title="bbox 162 4426 1274 4518; baseline 0.006 -28"><span class='ocrx_word' id='word_1_430' title='bbox 162 4431 217 4499; x_wconf 81' lang='lat' dir='ltr'><strong>est,</strong></span> <span class='ocrx_word' id='word_1_431' title='bbox 241 4426 387 4489; x_wconf 87' lang='lat' dir='ltr'><strong>contraria</strong></span> <span class='ocrx_word' id='word_1_432' title='bbox 409 4435 562 4508; x_wconf 79' lang='lat' dir='ltr'><strong>expetunt.</strong></span> <span class='ocrx_word' id='word_1_433' title='bbox 602 4427 718 4490; x_wconf 76' lang='lat' dir='ltr'><strong>litanias</strong></span> <span class='ocrx_word' id='word_1_434' title='bbox 726 4431 783 4514; x_wconf 82' lang='lat' dir='ltr'><strong>qul</strong></span> <span class='ocrx_word' id='word_1_435' title='bbox 796 4427 924 4494; x_wconf 70' lang='lat' dir='ltr'><strong>nmium</strong></span> <span class='ocrx_word' id='word_1_436' title='bbox 947 4429 1066 4512; x_wconf 61' lang='lat' dir='ltr'><strong>tricent,</strong></span> <span class='ocrx_word' id='word_1_437' title='bbox 1090 4439 1168 4507; x_wconf 69' lang='lat' dir='ltr'><strong>turn.</strong></span> <span class='ocrx_word' id='word_1_438' title='bbox 1184 4452 1274 4518; x_wconf 89' lang='lat' dir='ltr'><strong>quum</strong></span> 
     </span>
    </p>
   </div>
   <div class='ocr_carea' id='block_1_4' title="bbox 0 0 1399 4836">
    <p class='ocr_par' dir='ltr' id='par_1_27' title="bbox 0 0 1399 4836">
     <span class='ocr_line' id='line_1_49' title="bbox 0 0 1399 4836; baseline 0 0"><span class='ocrx_word' id='word_1_439' title='bbox 0 0 1399 4836; x_wconf 95' lang='lat' dir='ltr'><strong> </strong></span> 
     </span>
    </p>
   </div>
  </div>
 </body>
</html>
