2784 4838
143 226 221 307 306
684 226 742 301 ΙΙΙ.
772 230 812 298 7..

148 419 330 497 inaudimus
347 421 426 480 beue
447 418 504 495 εει)
529 415 651 496 proprio
671 423 755 476 vacat
771 415 909 477 nornine:
939 415 993 477 sed
1006 414 1077 494 'quis
1098 414 1139 475 ita
1158 415 1287 475 affectus
1305 413 1348 485 sit,

232 507 420 570 manifestum
440 512 501 566 estc
529 521 598 563 uam
618 510 663 563 est
684 502 750 575 iiie,
779 503 829 583 qui
850 502 975 581 gaudet,
999 502 1121 582 quaudo
1143 500 1285 563 homines
1305 501 1347 562 iu·

231 594 311 674 digni
344 592 557 655 calamitatibus
594 589 771 651 obruuntur.
833 589 947 651 Medius
984 589 1092 651 borum
1128 594 1185 651 εει
1208 589 1253 663 ιε,
1291 588 1345 669 qui,
1383 616 1385 641 a

233 683 352 763 quaudo
389 681 499 741 iusum
542 696 577 738 ac
615 686 730 738 rectum
771 685 833 748 εει,
874 677 1060 755 indignatur:
1097 676 1183 738 cuins
1221 677 1346 739 bominis

233 769 420 831 affectionem
448 774 564 828 veteres
604 765 829 845 appellaverunt
867 763 990 840 νέμεσιν
1026 782 1080 826 scu
1114 764 1345 844 indignationem

231 858 355 927 iustam,
387 873 478 934 quiam
501 852 565 932 quis
595 870 684 929 aegre
706 852 764 912 fert
787 851 941 913 hominurn
970 850 1187 913 immeritorum
1211 851 1277 913 sire
1300 870 1345 912 ca-
1383 922 1385 931 Ι

186 944 377 1006 calamitates
398 942 460 1003 sive
479 957 635 1002 successus
658 938 778 1007 felices,
809 947 839 999 at
859 938 983 1018 gaudet,
1015 958 1106 1021 quum
1123 939 1233 1002 merita
1254 939 1345 1001 bomi·
1381 978 1384 983 -

114 1032 117 1037 ’
235 1032 323 1093 uibus
354 1028 467 1091 meritis
498 1025 646 1089 eveniunt.
699 1027 784 1087 Uudc
811 1026 896 1088 deam
926 1045 1045 1106 quoque
1070 1033 1178 1107 putant
1201 1046 1271 1089 esse
1293 1026 1345 1087 Ne·
1377 1008 1383 1153 ἱ

231 1138 337 1180 mesm.

298 1203 482 1266 verecundia
511 1221 546 1263 ac
570 1202 670 1282 pudor
690 1201 880 1264 mediocritas
900 1209 947 1263 est
970 1200 1050 1262 inter
1072 1200 1291 1282 impudentiam
1319 1208 1344 1262 et

232 1300 396 1373 stuporem.
438 1289 511 1350 Nam
531 1288 582 1368 qui
604 1288 676 1350 nibil
699 1296 823 1368 prorsus
846 1290 883 1350 de
908 1286 1124 1351 existimatione
1143 1308 1198 1351 sna
1225 1288 1342 1359 laborat,
1373 1336 1378 1359 ,

231 1379 391 1461 impudens
414 1384 474 1438 cst:
498 1376 547 1455 qui
569 1376 606 1437 de
622 1376 703 1437 omui
721 1376 851 1456 qualium
871 1395 905 1437 ea
924 1395 1042 1455 cunque
1060 1374 1108 1450 sit,
1132 1374 1342 1439 existimatione
1373 1370 1377 1463 ι

232 1467 277 1528 sui
300 1465 444 1528 sollicitus
466 1471 520 1535 est,
540 1462 566 1524 is
587 1462 724 1542 stupidus
747 1471 778 1524 et
797 1463 881 1543 quasi
902 1462 1045 1525 attonitus
1069 1462 1199 1527 dicatur:
1227 1463 1277 1545 qui
1295 1482 1341 1524 au·
1372 1502 1376 1549 t

232 1564 292 1615 tem
315 1569 478 1633 aequorum
504 1550 634 1611 iudicum
659 1557 747 1629 atque
776 1551 907 1613 virorum
936 1551 1132 1613 bonestorum
1155 1550 1342 1614 emotimatio-
1373 1598 1375 1611 .

232 1659 302 1703 nem
325 1647 356 1700 et
377 1638 550 1718 opinionem
570 1636 700 1718 respicit,
722 1637 747 1698 is
767 1639 954 1700 verecundus
972 1645 1026 1699 est.
1173 1644 1176 1649 '
1372 1620 1375 1749 ι

187 1741 214 1786 ao
320 1726 449 1787 Comitas
473 1732 502 1785 ει
522 1725 687 1787 humanitas
710 1725 900 1787 mediocritas
921 1732 967 1787 est
986 1725 1066 1787 iuter
1090 1725 1296 1793 morositatem
1317 1733 1342 1786 et
1372 1772 1378 1793 ,

233 1814 333 1877 odium
363 1822 451 1894 atque
481 1812 560 1873 iuter
584 1811 794 1873 adulationem.
846 1813 919 1874 Nam
949 1812 998 1892 qui
1026 1812 1057 1873 iu
1088 1813 1230 1875 omnibus
1257 1812 1341 1875 rebus
1373 1804 1375 1837 ¹

231 1901 352 1963 alterius
375 1899 582 1980 cupiditatibus
601 1900 678 1962 baud
699 1907 874 1961 eurrctauter
893 1919 1007 1961 morem
1027 1899 1113 1979 gerit,
1132 1900 1273 1963 adulator
1288 1909 1341 1962 cst:
1374 1924 1381 1965 ι

231 1989 280 2069 qui
303 1988 442 2050 omnibus
461 1987 661 2067 uoluptatibus
683 1986 805 2049 alterius
827 1988 1009 2059 adversatur,
1032 2006 1173 2049 morosus
1190 1990 1241 2051 vel
1264 1988 1340 2051 odio·
1372 1974 1376 2069 ι

231 2095 281 2137 sus
305 2084 367 2137 est:
390 2075 440 2154 qui
463 2093 533 2135 vero
552 2094 609 2135 uec
631 2094 751 2136 curnem
767 2076 949 2156 voluptatem
966 2075 1087 2138 alterins
1108 2083 1278 2157 aucupatur
1292 2096 1340 2137 uec
1373 2076 1378 2091 ¹

230 2162 311 2224 omni
333 2162 476 2242 voluptati
499 2161 621 2223 alterius
644 2163 808 2240 refragatur
826 2182 860 2224 ae
883 2162 1003 2234 resistit,
1027 2162 1052 2223 is
1075 2162 1169 2225 comis
1191 2172 1225 2225 ει
1243 2166 1341 2226 buura-
1372 2096 1378 2247 ι

231 2269 287 2311 uus
309 2257 363 2310 εει.
984 2262 987 2269 “

318 2336 450 2398 Gravitas
472 2356 506 2397 ae
526 2336 665 2397 sauctitas
688 2336 878 2399 rnediocritas
898 2346 943 2399 est
966 2337 1142 2400 insolentiae
1165 2345 1197 2401 et
1213 2346 1341 2405 asscuta·
1375 2358 1380 2399 r

186 2437 214 2479 aa
232 2423 329 2486 tionis
375 2423 432 2495 Qui
455 2422 683 2485 euimuuilaiu
707 2445 740 2485 re
761 2425 797 2484 ad
820 2424 1143 2487 alteriusvoiuntatem
1165 2424 1239 2487 vivit
1260 2426 1341 2487 etad
1375 2412 1381 2527 Ι

232 2519 437 2589 contemptum
464 2509 600 2579 inclinat,
629 2510 654 2571 is
677 2511 809 2573 insoleus
833 2520 893 2572 cst:
928 2512 977 2591 qui
999 2530 1070 2574 vero
1092 2512 1123 2573 in
1151 2513 1291 2575 omnibus
1310 2513 1341 2574 ad
1376 2544 1381 2561 2

230 2597 351 2659 alterius
369 2596 522 2657 arbitrium
546 2597 616 2657 vivit
635 2598 831 2678 omnibusque
851 2618 884 2659 se
906 2598 1052 2661 minorem
1074 2598 1168 2678 gerit,
1194 2600 1222 2661 is
1244 2619 1341 2663 assen-

232 2692 309 2746 tator
328 2692 389 2744 est:
418 2683 468 2763 qui
489 2685 667 2745 veremudo
688 2685 887 2758 ceditalteri,
910 2687 1000 2748 modo
1022 2705 1084 2747 uon
1107 2686 1205 2761 cedit,
1229 2696 1261 2749 et
1283 2686 1341 2768 qui·

232 2773 300 2833 dem
317 2771 488 2833 bominibus
508 2770 604 2848 diguis
629 2773 715 2833 talem
734 2792 800 2835 sese
822 2772 962 2852 impertit,
985 2773 1011 2835 ιε
1032 2772 1078 2835 ιιι
1095 2774 1193 2853 gravis
1214 2784 1271 2837 est.
1377 2830 1380 2837 .

296 2858 345 2919 Vir
366 2877 454 2919 verax
471 2866 501 2919 ot
521 2857 655 2938 simplex,
680 2860 729 2938 qui
753 2868 874 2921 vocatur
890 2880 1007 2941 semper
1023 2865 1073 2923 aui
1090 2862 1210 2934 mbca'lia,
1230 2862 1341 2925 medius
1373 2848 1381 2995 Ι

233 2953 278 3006 est
306 2946 384 3006 iuter
416 2945 664 3007 dissiruulatorem
696 2955 726 3007 et
755 2946 906 3009 bominem
931 2948 1103 3026 gloriosum.
1147 2948 1223 3011 Nam
1246 2949 1342 3032 quiin
1375 3006 1379 3043 Ι

144 3033 411 3098 immundiorem
429 3040 545 3113 partem
566 3034 602 3093 de
621 3053 671 3106 se,
692 3053 754 3095 uon
774 3033 933 3112 ignorans,
950 3035 1108 3108 mentitur,
1130 3034 1158 3098 is
1179 3036 1343 3099 dissimula·
1375 3050 1378 3097 ι

231 3127 279 3179 tor
301 3128 360 3180 est:
384 3119 483 3199 quiin
505 3120 669 3192 nachorem,
693 3120 853 3199 gloriosus:
879 3121 929 3202 qui
952 3130 986 3183 ut
1008 3130 1054 3185 est
1072 3124 1113 3185 ita
1132 3142 1208 3203 prae
1225 3144 1259 3187 se
1281 3126 1342 3196 sert,
1376 3136 1380 3157 ·'

230 3206 256 3266 is
283 3226 370 3267 verus
390 3215 435 3277 et,
466 3215 497 3267 ut
516 3206 663 3269 iioraaerus
686 3208 742 3280 ait,
774 3206 969 3283 πεπνυμένος
999 3216 1053 3271 est.
1103 3209 1203 3291 Atque
1225 3212 1341 3275 omuino
1375 3204 1378 3241 ¹

230 3294 304 3354 alter
326 3293 457 3355 veritatis
477 3301 591 3354 amator
610 3303 664 3368 εει,
683 3295 759 3356 alter
777 3296 931 3357 mendacii.
1378 3300 1381 3305 '

317 3381 370 3443 Est
395 3400 466 3442 vero
486 3381 573 3441 etiam
596 3382 747 3444 urbanitas
771 3381 977 3458 mediocritas,
1003 3393 1033 3445 ει
1050 3384 1096 3447 vir
1117 3386 1252 3449 urbanus
1269 3386 1343 3449 inter
1375 3444 1380 3473 Ι,

199 3476 377 3545 aegrestem
399 3488 434 3529 ac
458 3468 564 3529 durum
594 3470 711 3530 modius
735 3477 780 3530 est
808 3476 838 3531 et
859 3470 939 3532 iuter
955 3490 1099 3534 scurram.
1142 3473 1341 3547 Quemadmo-

231 3553 301 3614 dum
324 3554 403 3616 enirn
425 3555 456 3616 iu
479 3555 551 3615 cibis
574 3556 726 3618 sumendis
751 3556 919 3619 fastidiosus
947 3559 1046 3621 differt
1070 3578 1087 3621 a
1111 3578 1240 3635 roraee,
1267 3560 1342 3641 quod

230 3641 305 3700 alter
326 3641 397 3701 nibil
421 3640 477 3702 cibi
497 3649 547 3702 aut
569 3661 663 3721 panca
683 3652 712 3704 et
734 3662 821 3722 aegre
844 3645 949 3717 sumit,
971 3647 1048 3709 altar
1068 3648 1148 3709 haud
1170 3654 1342 3711 mactanter

231 3726 311 3786 omui
342 3727 406 3789 cibo
439 3734 596 3789 couteutus
627 3738 687 3791 cst:
717 3730 760 3791 sic
785 3731 909 3809 agrestis
927 3732 978 3794 ille
997 3740 1027 3794 ot
1046 3733 1179 3796 insulsus
1200 3734 1293 3797 babet
1313 3754 1341 3796 se
1375 3746 1380 3861 p

229 3813 267 3874 ad
287 3833 420 3875 scurram
442 3822 472 3874 et
490 3823 663 3893 nugatorem
686 3816 905 3897 importunum:
927 3819 977 3880 iile
997 3819 1077 3882 cuim
1092 3819 1166 3883 nibil
1186 3822 1341 3885 ridiculum
1379 3896 1381 3901 ¹

186 3913 212 3957 ro
231 3901 350 3981 patitur,
368 3902 421 3962 sed
444 3901 541 3961 ornrria
560 3902 590 3962 iu
612 3904 717 3964 malam
739 3913 855 3983 partem
877 3905 999 3986 accipit:
1028 3906 1076 3968 bic
1103 3926 1175 3969 vcro
1194 3908 1296 3971 omnia
1314 3908 1341 3969 iu

228 3988 337 4049 bonam
360 3996 476 4067 partem
497 3988 655 4068 accipitet
676 3990 706 4050 iu
728 3990 827 4052 iocum
852 3992 1007 4055 convertit
1049 3994 1185 4067 Quorum
1204 4002 1341 4058 neutrum
1377 4022 1380 4029 ·

229 4083 344 4136 rectum
368 4084 429 4136 cst:
466 4075 519 4136 scd
544 4075 599 4136 alia
626 4076 745 4156 quidem
771 4077 952 4141 admittenda
977 4088 1048 4142 sunt
1073 4079 1157 4155 ioca,
1201 4080 1259 4145 alia
1284 4100 1340 4144 non
1376 4080 1380 4147 !

229 4161 316 4232 item,
356 4169 443 4240 atquc
471 4162 501 4222 iu
526 4182 561 4222 eo
585 4172 684 4224 rectae
715 4163 821 4225 rationi
847 4165 1072 4246 obsequendum
1107 4175 1168 4231 est:
1210 4168 1243 4230 id
1266 4168 1341 4249 quod

228 4249 297 4308 i'acit
318 4250 408 4309 bomo
437 4249 577 4309 urbanus.
625 4250 714 4312 Cuius
742 4251 786 4311 rei
809 4251 884 4312 ratio
910 4254 985 4315 liaeo
1006 4261 1060 4316 est
1106 4253 1187 4317 Tatta
1206 4254 1340 4317 nimbum
1377 4210 1381 4323 ι

230 4334 389 4407 urbanitas,
406 4336 522 4413 qualem
540 4335 733 4398 iudicavimus
752 4336 826 4415 (nou
842 4338 901 4410 ilia,
924 4359 1013 4419 quarn
1029 4341 1172 4403 ta‘auslmo
1194 4342 1340 4421 dismas),
1377 4348 1384 4473 p

228 4421 344 4483 babitus
365 4421 552 4493 iustissimus,
575 4431 605 4483 et
625 4424 814 4487 mediocritas
830 4424 984 4491 laudabilis
1001 4436 1063 4491 est:
1086 4436 1222 4493 exuema
1242 4436 1340 4495 conta
1377 4476 1384 4497 2
