2784 4838
575 228 634 304 Ill.
661 229 697 304 5.
1167 220 1246 305 3⁰3

74 429 187 489 maest.
239 420 432 501 Appellamus
461 428 561 485 anum
590 429 689 483 certos
717 420 862 500 quosdam
883 417 1019 479 homines
1041 421 1246 497 magnanimos

86 517 259 589 eapropter
277 509 335 569 vim
356 510 504 588 quandam
521 528 560 573 ao
574 507 810 589 magnitudinem
829 506 929 568 animi.
969 504 1053 567 Hanc
1070 507 1110 568 oh
1128 525 1247 567 causam

131 598 177 658 vir
203 597 409 675 magnanimus
435 598 498 658 viro
528 599 609 678 gravi
640 603 670 658 et
701 596 859 674 magnifico
887 593 990 655 similis
1016 611 1082 654 esse
1117 593 1244 666 videtur,

133 685 373 765 quandoquidem
401 685 488 746 elatio
518 686 662 766 quaedam
693 684 782 745 animi
810 702 878 745 cum
916 680 1055 742 omnihus
1087 681 1246 744 virtutibus

132 773 289 834 coniuncta
318 779 372 834 est.
420 773 494 835 Nam
517 781 598 835 recte
622 772 753 833 iudicare
778 780 809 832 et
838 772 876 832 de
897 769 1011 848 maguis
1034 776 1064 830 et
1085 769 1124 831 dc
1147 769 1246 848 parvis

131 880 239 942 posse,
262 861 341 922 laudi
359 861 460 922 datur:
483 880 588 941 magna
610 868 707 922 autem
731 860 870 921 ridentur
890 877 933 929 ea,
962 876 1037 937 quae
1054 856 1189 937 sequitur
1210 857 1245 929 is,

133 949 183 1029 qui
203 949 316 1028 optimo
341 949 443 1010 habitu
466 949 619 1029 praeditus
640 956 687 1010 est
708 949 738 1008 in
759 948 833 1019 illis,
867 965 941 1027 quae
962 944 1091 1007 iucunda
1115 964 1181 1007 esse
1203 944 1248 1006 vi-

86 1048 115 1093 ae
136 1038 260 1099 deutur:
293 1044 324 1097 at
352 1055 423 1097 vero
452 1037 542 1098 animi
570 1037 742 1115 magnitudo
773 1035 903 1116 optimus
931 1032 1049 1094 habitus
1078 1040 1138 1094 est:
1175 1033 1247 1113 quid

134 1133 233 1186 autem
259 1125 365 1196 maius,
386 1125 456 1204 quid
474 1126 574 1186 miuus
594 1125 642 1198 sit,
662 1126 719 1186 hoo
742 1140 939 1204 unaquaeque
957 1121 1051 1182 virtus
1074 1120 1104 1181 iu
1127 1139 1179 1183 sua
1203 1120 1248 1181 di·

133 1214 214 1274 tione
240 1220 321 1273 recte
341 1212 497 1285 diiudicat,
528 1219 616 1293 atque
642 1212 690 1285 id,
721 1213 801 1292 quod
820 1211 866 1272 u‘r
885 1209 1018 1290 prudens
1042 1214 1072 1269 et
1089 1208 1182 1270 virtus
1201 1208 1248 1270 iu-

132 1302 218 1373 heat,
250 1301 438 1380 exploratum
464 1300 568 1363 habet:
607 1318 679 1378 crgo
709 1299 797 1361 animi
821 1296 1055 1377 magnitudinem
1082 1303 1249 1377 sequuntur

135 1407 240 1450 omnes
262 1389 397 1461 virtutes,
416 1389 462 1449 vel
485 1388 550 1468 ipsa
567 1407 673 1450 omnes
690 1387 815 1450 virtutes
836 1385 981 1467 sequitur.
1019 1383 1178 1445 Praeterea
1195 1384 1249 1446 viri

133 1475 314 1555 magnanimi
335 1477 470 1549 videtur,
499 1495 590 1556 posse
613 1476 757 1556 quaedam
780 1483 983 1536 contemnere.
1023 1471 1128 1534 Omnis
1149 1479 1248 1533 autem

74 1565 229 1631 murirtus
247 1564 317 1627 lacit
333 1572 365 1626 ut
385 1573 580 1625 contemnere
602 1583 636 1624 ea
652 1566 811 1644 possimus,
833 1581 908 1643 quae
925 1578 1030 1639 magua
1046 1560 1176 1641 quidem,
1194 1560 1249 1623 sed

133 1652 241 1714 rationi
260 1652 407 1714 contraria
430 1660 513 1713 sunt:
537 1653 787 1732 quemadmodum
809 1651 952 1712 fortitudo
970 1647 1039 1711 lacit
1060 1655 1094 1710 ut
1114 1648 1248 1728 pericula

133 1759 240 1819 magna
263 1748 492 1801 contemnantur
514 1740 595 1816 (narn
614 1746 702 1820 turpe
722 1759 789 1801 esse
811 1739 974 1810 existimat,
997 1736 1149 1801 numerari
1168 1736 1247 1797 inter

131 1830 255 1907 ignavos
284 1834 313 1887 et
343 1829 422 1889 inter
444 1828 596 1900 imbelles,
629 1847 729 1907 neque
752 1827 778 1889 ei
802 1827 898 1888 omnis
919 1824 1079 1887 multitudo
1106 1824 1246 1887 terribilis

133 1935 200 1977 esse
217 1916 358 1996 videtur),
381 1924 412 1977 et
431 1916 682 1996 quemadmodum
703 1915 750 1977 vir
768 1915 845 1993 frugi
861 1934 896 1976 ac
917 1922 1089 1992 temperans
1112 1920 1246 1973 contem-

130 2004 175 2066 uit
196 2003 365 2082 voluptates
383 1993 505 2082 magu'as
523 2023 558 2065 ac
580 2005 705 2076 multas,
733 2011 763 2064 et
779 2001 1030 2082 quemadmodum
1053 2001 1097 2062 vir
1114 2000 1246 2062 liberalis

132 2091 296 2152 coutemnit
313 2111 396 2173 opes.
421 2091 504 2152 ldem
522 2092 628 2153 cadere
644 2092 761 2153 videtur
776 2091 807 2152 iu
823 2090 919 2152 virum
931 2089 1161 2168 magnanimum,
1180 2088 1247 2168 quia

97 2193 113 2234 s
135 2179 218 2239 cordi
237 2179 326 2240 hahet
349 2199 452 2259 pauca,
472 2180 527 2240 sed
547 2197 670 2258 magna:
703 2197 895 2260 quaequam
918 2184 1017 2249 curat,
1042 2178 1079 2239 de
1102 2177 1182 2256 tulgi
1199 2177 1246 2237 iu-

132 2267 210 2327 dicio
233 2285 294 2327 non
314 2268 399 2328 anxie
421 2268 564 2328 sollicitus
587 2274 642 2328 est.
683 2267 759 2328 Nom
777 2268 846 2347 pltea
863 2269 959 2347 refert
978 2269 1039 2326 oiri
1052 2269 1245 2345 magnanimi,

133 2356 203 2435 quid
224 2356 332 2416 iudicet
355 2375 433 2416 onus
456 2359 504 2416 oir
521 2356 643 2435 produt,
666 2375 756 2436 quum
777 2357 847 2436 quid
869 2357 968 2416 dicuat
985 2354 1074 2415 nude·
1094 2355 1129 2415 da
1146 2353 1245 2432 malpo,

130 2450 165 2504 ut
190 2441 341 2522 Antiphon
371 2444 526 2504 damnatus
562 2443 719 2522 respondit
754 2442 900 2521 Agathoni
939 2437 1145 2503 defensionem
1183 2441 1246 2502 eius

131 2529 273 2591 laudanti.
333 2530 430 2609 Atque
456 2538 648 2592 contemnere
680 2532 824 2612 quaedam
852 2550 960 2610 posse,
991 2529 1046 2591 viri
1067 2528 1247 2608 magnanimi

86 2637 113 2680 ro
132 2617 258 2678 maxime
281 2618 438 2698 proprium
459 2638 526 2680 esse
551 2619 678 2680 videtur.
725 2620 797 2680 Nam
817 2619 897 2699 quod
920 2617 1025 2679 attinet
1046 2619 1082 2678 ad
1105 2619 1246 2688 honores,

131 2707 168 2766 ad
191 2705 289 2778 vitam,
311 2706 489 2779 addititias,
512 2707 550 2767 ad
571 2707 702 2787 reliqua,
724 2708 762 2768 de
783 2707 890 2786 quihus
911 2705 1048 2767 homiues
1069 2706 1247 2785 plerumque

134 2792 253 2854 solliciti
275 2802 361 2866 sunt,
391 2796 465 2856 haec
482 2795 654 2874 vilipendit,
681 2802 807 2875 excepto
828 2797 959 2856 honore:
989 2812 1024 2854 ac
1046 2794 1146 2854 doleat
1165 2812 1246 2865 sane,

134 2881 159 2941 si
180 2881 315 2960 privetur
337 2884 452 2944 honore
476 2883 587 2955 debito,
610 2891 640 2944 et
659 2882 683 2943 si
702 2902 736 2943 se
754 2881 867 2961 indigni
887 2880 1016 2944 hominis
1033 2880 1159 2960 imperio
1175 2880 1247 2942 sub-

132 2969 244 3030 iectum
265 2970 378 3031 videat:
402 2978 503 3031 contra
526 2972 644 3049 gaudet,
667 2969 692 3033 si
710 2971 826 3031 honore
849 2970 1016 3032 decoratur.

217 3058 299 3130 Quae
326 3078 417 3137 quum
440 3058 478 3120 ita
502 3058 578 3130 sint,
608 3076 710 3119 secum
729 3057 796 3137 ipse
819 3076 953 3137 pugnare
972 3056 1018 3118 vir
1042 3055 1247 3137 magnanimus

87 3160 114 3203 la
133 3143 284 3205 rideatur:
313 3165 381 3207 nam
405 3165 496 3225 quum
517 3147 597 3208 idem
623 3156 653 3208 et
672 3153 757 3208 curet
776 3146 923 3208 honorem
941 3152 972 3207 et
991 3152 1165 3207 contemnat
1180 3145 1247 3205 rul-

132 3250 187 3310 gus
208 3251 243 3293 ac
264 3233 404 3311 gloriam,
431 3252 492 3295 non
514 3234 631 3296 videtur
656 3233 712 3295 sihi
735 3241 881 3295 constare.
924 3234 1027 3314 ltaque
1048 3234 1123 3295 haec
1140 3232 1247 3295 distin-

132 3321 249 3397 guenda
268 3329 346 3382 suut.
389 3322 507 3383 Scilicet
527 3323 625 3384 honor
648 3330 678 3384 et
697 3341 806 3402 parvus
827 3329 857 3383 et
873 3339 998 3401 maguus
1015 3321 1132 3383 duobus
1148 3320 1246 3383 modis

133 3426 199 3469 esse
221 3416 330 3488 potest.
376 3409 481 3472 Dillert
502 3411 581 3472 enim
607 3413 706 3473 honor
723 3417 816 3491 prout
835 3417 886 3472 aut
908 3428 925 3471 a
945 3410 1034 3489 vulgo
1058 3417 1088 3471 et
1109 3408 1246 3490 imperita

131 3495 320 3560 multitudine
342 3506 393 3560 aut
413 3516 430 3557 a
447 3497 518 3559 viris
537 3518 608 3561 vere
630 3497 780 3561 nobilibus
800 3499 948 3561 delentur:
974 3499 1113 3578 idemque
1135 3516 1191 3578 pro
1212 3516 1246 3558 re

132 3602 167 3643 ac
186 3600 290 3656 causa,
317 3586 356 3646 oh
380 3605 467 3665 quam
485 3587 634 3660 tribuitur,
658 3586 793 3649 diversus
812 3592 865 3648 est.
906 3586 981 3649 Nam
998 3604 1125 3666 magnus
1147 3584 1246 3647 existi-

85 3685 114 3728 ao
133 3681 230 3733 matur
251 3673 351 3734 honor
368 3693 429 3734 non
451 3675 489 3735 oh
513 3674 733 3737 multitudinem
756 3694 873 3748 eorum,
894 3675 944 3755 qui
966 3675 1126 3748 honorant,
1148 3692 1246 3752 neque

133 3761 171 3820 oh
196 3761 289 3822 solam
314 3762 500 3842 qualitatem,
532 3763 587 3823 sed
608 3763 647 3824 oh
670 3762 841 3842 dignitatem
866 3762 925 3843 ipsi
945 3763 1117 3843 propriam:
1141 3780 1245 3823 revera

131 3855 229 3908 autern
248 3849 336 3910 etiam
355 3851 544 3928 magistratus
565 3859 594 3912 et
612 3850 727 3931 reliqua
742 3852 822 3912 hona
844 3858 907 3913 hrm
930 3852 1082 3931 praeclara
1099 3857 1129 3912 et
1146 3849 1245 3911 studio

132 3935 220 4014 digna
238 3946 324 4009 suut,
352 3957 441 4017 quum
464 3958 534 4000 rere
555 3958 661 4018 magna
680 3945 711 3999 et
733 3938 836 3999 eximia
852 3945 931 3999 sunt.
976 3938 1052 4011 Quia
1075 3956 1147 3999 vero
1165 3938 1247 3998 nulla

130 4023 223 4084 virtus
254 4032 335 4085 earet
364 4026 584 4105 magnitudine,
612 4026 745 4095 ridetur,
773 4025 859 4086 sicuti
880 4025 1024 4097 diximus,
1051 4043 1246 4106 unaquaeque

130 4111 223 4173 virtus
242 4112 378 4174 homines
399 4115 428 4174 in
452 4135 498 4187 eo,
522 4115 600 4176 circa
621 4114 701 4193 quod
724 4122 778 4186 cst,
801 4114 900 4174 tacere
920 4112 1138 4192 magnanimos.

84 4217 113 4260 25
219 4201 428 4262 Verumtamen
449 4210 494 4264 est
512 4204 656 4283 quaedam
677 4200 789 4275 virtus,
816 4201 984 4282 separanda
1005 4220 1022 4262 a
1040 4197 1163 4278 reliquis
1185 4198 1245 4261 rir-

131 4286 259 4360 tutihus,
290 4288 380 4349 animi
401 4292 591 4370 magnitudo,
621 4289 872 4370 quemadmodum
894 4287 1020 4370 proprio
1043 4287 1186 4351 rooehulo
1208 4287 1244 4362 is,

130 4375 230 4455 quiea
252 4375 360 4438 virtute
382 4378 534 4457 praeditus
557 4387 612 4451 est,
632 4376 837 4457 magnanimus
853 4377 1030 4458 appellatur.
1070 4376 1169 4450 Quum
1192 4394 1245 4439 au·

127 4471 189 4526 tem
217 4463 273 4526 alia
298 4465 378 4527 hona
403 4485 525 4542 revera,
567 4464 624 4530 aha
652 4464 722 4540 illo,
767 4484 826 4549 quo
854 4484 948 4550 supra
977 4465 1120 4543 diximus,
1155 4471 1244 4550 pacto
