2776 4836
88 189 166 271 328
607 188 681 263 Vll.
715 193 770 263 10.

91 399 299 452 remaneam
315 389 466 461 expetunt.
491 381 593 463 ltaque
609 383 759 462 quomodo
778 381 815 442 de
827 380 873 442 bis
887 377 1085 443 statuendum
1103 377 1155 452 sit,
1171 388 1286 459 apparet
1324 414 1329 423 ·

178 472 297 534 Scilicet
314 470 339 531 si
360 470 504 532 moralem
519 470 675 531 amicitiam
693 476 913 541 contraxerunt,
930 465 1141 552 spectandum
1152 474 1215 540 -est,
1230 486 1286 528 nun
1325 458 1329 535 l

176 561 312 622 voluutas
342 566 372 618 et
402 557 557 619 consilium
584 558 737 637 utriusque
759 557 881 637 aequale
911 553 1019 628 luerit,
1045 572 1155 632 neque
1177 554 1286 634 amplius
1325 594 1330 627 ,

176 649 251 709 alter
273 645 309 706 ab
337 645 431 705 altero
453 646 605 724 postulare
627 646 732 707 debet:
762 644 809 704 sin
832 643 963 705 utilitatis
984 640 1083 720 gratia
1111 641 1193 703 civili
1214 642 1286 703 modo

178 733 334 795 amicitiam
358 731 505 806 inierunt,
538 752 593 812 pro
617 752 651 794 ea
672 732 812 802 utilitate,
832 750 920 812 quam
942 729 999 810 ipsi
1024 729 1233 802 confitentur,
1251 749 1287 790 res
1329 788 1332 795 ,

144 835 159 877 a
178 820 373 903 ponderanda
392 829 446 880 ost.
490 821 543 881 Sin
562 829 660 882 autem
677 821 752 880 alter
770 819 931 890 moralem,
953 817 1031 878 alter
1055 816 1182 878 civilem
1203 817 1288 878 amici-
1328 810 1332 847 ¹

178 910 248 971 tiam
274 907 366 968 luisse
390 907 476 968 dicit:
505 927 565 969 nou
592 909 749 969 honestum
773 914 835 980 est,
864 905 996 967 sodalem
1024 903 1073 964 ius
1098 923 1192 965 suum
1215 905 1289 966 oximis

177 1013 325 1078 premere,
346 995 399 1055 sed
418 995 517 1074 potius
533 994 618 1075 aequi
635 995 706 1056 boni
723 994 797 1054 ratio
818 993 916 1054 valere
934 991 1039 1054 debet:
1061 991 1212 1073 idemque
1228 993 1290 1053 valet

178 1085 216 1145 de
237 1083 339 1144 altero.
381 1081 441 1143 Sed
463 1083 530 1162 quia
551 1083 719 1163 pactionem
748 1100 808 1142 non
832 1100 849 1141 e
870 1079 979 1143 morali·
996 1077 1135 1139 amicitia
1157 1082 1290 1151 lecerunt
1326 1070 1332 1151 i

179 1169 399 1232 diiudicandum
421 1180 482 1244 est,
506 1188 581 1250 quae
599 1169 791 1231 retribuenda
813 1169 888 1239 sint,
910 1166 1070 1244 neutrique
1094 1168 1227 1229 alterum
1247 1187 1291 1246 per

177 1258 312 1319 fraudem
334 1256 473 1337 decipere
498 1258 676 1338 pemiissum
700 1266 754 1317 est.
796 1257 862 1329 Quo
884 1257 971 1326 lacto,
993 1272 1049 1314 sua
1067 1254 1204 1333 quisque
1223 1264 1291 1316 sorte

135 1359 160 1403 10
179 1352 338 1407 contentus
368 1363 434 1404 esse
461 1344 558 1406 debet
617 1345 780 1406 Voluntatis
810 1351 908 1404 autem
925 1352 968 1406 et
998 1340 1121 1402 consilii
1157 1342 1290 1403 rationem

177 1434 287 1495 babere
306 1430 462 1493 amicitiam
484 1431 637 1506 moralem,
660 1432 851 1511 perspicuum
875 1438 936 1491 est:
959 1427 1073 1489 namsi
1095 1428 1168 1508 quis
1190 1429 1291 1507 maguis
1323 1487 1325 1493 .

178 1527 300 1582 umatus
322 1518 475 1580 beneficiis
496 1528 621 1600 propter
640 1518 795 1599 penuriam
814 1518 984 1578 facultatum
999 1534 1129 1577 suarum
1151 1535 1216 1578 nou
1237 1524 1291 1576 tan·
1319 1502 1325 1609 Ι

178 1608 312 1680 tundem,
331 1614 473 1686 quantum
489 1607 612 1687 accepit,
634 1607 688 1669 sed
709 1615 832 1680 tantum,
856 1611 998 1684 quantum
1015 1611 1134 1683 potest,
1156 1604 1291 1666 restituit:
1321 1614 1325 1641 '-

178 1703 259 1757 recte
283 1712 316 1754 se
339 1713 388 1754 res
413 1695 509 1755 hahet.
559 1694 632 1755 Nam
656 1694 728 1756 deus
751 1712 869 1774 quoque
895 1710 952 1772 pro
977 1691 1158 1753 facultatum
1180 1692 1291 1754 modulo
1321 1762 1325 1773 Ι

178 1783 315 1863 accipere
343 1780 485 1842 sacrificia
515 1781 586 1843 satis
611 1782 708 1843 babet.
756 1781 795 1841 At
820 1777 985 1841 loenerauti
1005 1778 1054 1840 vel
1076 1778 1228 1841 vendenti
1245 1781 1292 1841 boo
1318 1778 1327 1909 q

177 1890 239 1932 non
269 1868 339 1930 satis
373 1876 433 1941 est,
474 1868 586 1930 etiamsi
616 1869 692 1930 alter
715 1887 748 1929 se
770 1869 839 1948 plus
866 1868 936 1929 dare
962 1883 1024 1926 uon
1055 1884 1152 1946 posse
1176 1867 1293 1928 affirmet

178 1965 266 2037 atque
290 1957 376 2019 iuret

136 2062 161 2105 ru
267 2044 326 2104 Sed
350 2044 460 2105 multae
484 2043 735 2123 expostulationes
755 2043 786 2104 in
815 2043 851 2103 iis
870 2040 1003 2103 amicitiis
1020 2048 1111 2120 suut,
1140 2043 1172 2103 in
1197 2042 1293 2121 quibus

180 2132 391 2193 contrahendis
410 2132 484 2192 alter
504 2132 571 2204 boo,
591 2131 666 2192 alter
683 2131 772 2210 plane
793 2129 872 2191 aliud
891 2127 1079 2209 propositum
1097 2128 1209 2192 babet:
1229 2149 1293 2210 quae
1325 2112 1329 2211 i

180 2238 284 2280 norma
304 2219 371 2279 iusti
393 2219 424 2280 in
446 2220 492 2280 his
513 2218 679 2281 adhibenda
702 2218 757 2291 sit,
785 2215 903 2278 difficile
924 2215 1003 2276 dictu
1026 2224 1082 2276 est
1129 2216 1205 2279 Nam
1226 2217 1292 2278 disfi-

179 2305 235 2367 oile
259 2313 320 2379 est,
348 2325 408 2367 una
429 2313 508 2368 certa
530 2324 670 2367 mensura
689 2305 786 2367 metiri
809 2323 859 2376 ea,
892 2302 1019 2383 quaein
1048 2303 1170 2366 diversa
1190 2305 1293 2367 directa
1325 2256 1330 2351 i

181 2399 266 2454 erant
282 2412 379 2472 neque
403 2393 506 2454 eadem
528 2394 739 2474 expetiverant
781 2389 952 2452 Cuiusmodi
975 2408 1063 2451 causa
1085 2399 1134 2453 est
1153 2392 1185 2453 in
1211 2393 1293 2454 rebus
1326 2382 1331 2407 '

181 2479 340 2540 amatoriis.
389 2480 431 2540 lbi
456 2481 534 2541 enim
561 2482 636 2542 alter
655 2479 797 2541 amasium
824 2479 861 2539 ob
891 2477 1064 2539 suavitatem
1084 2486 1117 2541 et
1147 2479 1294 2541 convictus

181 2585 283 2627 causa:
303 2566 377 2627 alter
400 2575 561 2629 amatorem
581 2569 619 2629 ob
639 2567 793 2629 utilitatem
815 2573 845 2627 et
865 2565 939 2626 lucri
962 2583 1050 2627 causa
1070 2567 1215 2646 anquirit
1246 2566 1293 2629 lbi

135 2667 162 2709 ao
182 2673 253 2715 vero
271 2661 385 2715 amator
403 2672 501 2715 amare
521 2655 616 2727 desiit,
640 2662 751 2716 mutato
773 2653 893 2725 amasio,
914 2660 1044 2714 mutatur
1065 2652 1158 2716 etiam
1174 2663 1292 2726 amator,

181 2749 269 2822 atque
292 2741 329 2802 de
351 2740 482 2821 qualibet
506 2761 539 2802 re
562 2743 703 2815 rixantur,
727 2761 762 2802 ac
778 2741 923 2802 dissident
947 2748 981 2801 ut
1002 2739 1192 2808 dissidebant
1207 2742 1294 2822 Pytho

182 2838 211 2890 et
235 2829 427 2902 Pammenes,
456 2836 486 2889 et
513 2838 546 2890 ut
567 2829 707 2908 magister
733 2836 763 2891 et
786 2828 947 2908 discipulus
977 2827 1060 2904 (nam
1083 2828 1242 2891 doctrinae
1270 2836 1295 2889 et
1330 2850 1334 2909 q

181 2917 325 2997 pecuniae
344 2935 406 2978 non
426 2916 529 2977 eadem
547 2936 687 2978 mensura
711 2915 779 2996 est),
800 2923 829 2977 et
847 2923 881 2976 ut
900 2915 1044 2977 Prodicus
1066 2922 1160 2995 atque
1182 2923 1218 2977 ut
1237 2935 1294 2977 me·

182 3005 264 3067 dicus
284 3012 314 3065 et
334 3003 394 3077 ille,
419 3003 469 3083 qui
492 3005 662 3066 mercedem
686 3004 820 3082 exiguam
843 3004 980 3075 solverat,
1004 3009 1034 3064 et
1055 3010 1089 3063 ut
1108 3002 1293 3065 citharoedus

133 3102 161 3146 2³
180 3100 211 3152 et
227 3110 294 3154 rex:
318 3110 385 3175 nam
405 3111 458 3153 rex
477 3091 646 3154 citharoedo
666 3098 698 3151 ut
718 3091 859 3163 iucundo,
883 3090 1069 3152 citharoedus
1086 3108 1162 3169 rege
1184 3098 1220 3152 ut
1236 3089 1294 3151 utili

180 3179 223 3240 uti
246 3178 301 3241 sibi
323 3179 492 3241 videbatur:
516 3198 606 3258 quum
629 3198 700 3241 vero
723 3197 777 3240 rex
798 3178 967 3240 mercedem
988 3177 1162 3239 citharoedo
1181 3178 1294 3239 solvero

181 3267 312 3334 deberet,
338 3266 408 3327 dixit
430 3273 588 3346 utrumque
608 3267 644 3328 ab
668 3266 761 3327 altero
781 3265 818 3327 ob
842 3264 1013 3327 suavitatem
1033 3264 1203 3343 quaesitum
1224 3284 1294 3335 esso,

182 3361 211 3414 ot
231 3362 265 3415 ut
285 3353 351 3433 ipse
373 3354 409 3414 ab
440 3354 533 3415 altero
562 3354 725 3415 delectatus
749 3360 827 3414 esset
849 3359 952 3423 cautu,
983 3352 1023 3413 ita
1051 3351 1182 3414 alterum
1210 3353 1247 3414 ab
1265 3371 1293 3413 se

181 3441 359 3502 delectatum
382 3459 448 3501 esse
467 3440 621 3521 promissis
644 3461 678 3503 ac
699 3460 754 3521 spe
773 3439 904 3520 praemii.
945 3439 1131 3518 Quamquam
1150 3439 1201 3501 bic
1225 3459 1295 3520 quo·

181 3547 238 3606 que
264 3527 294 3587 in
316 3536 459 3607 promptu
481 3535 542 3601 est,
574 3548 632 3609 quo
656 3537 742 3609 pacto
770 3547 819 3590 res
847 3526 1032 3589 diiudicanda
1053 3525 1101 3587 sit
1155 3525 1232 3588 Nam
1252 3526 1296 3589 bic

181 3632 299 3693 quoqne
321 3633 381 3675 una
403 3633 542 3676 mensura
564 3616 748 3677 metiendum
767 3622 828 3688 est,
852 3633 954 3676 verum
977 3632 1039 3674 non
1062 3612 1217 3686 numeris,
1245 3613 1294 3674 sed

135 3720 163 3762 ao
181 3700 392 3780 proportione:
420 3720 488 3762 nam
507 3710 540 3762 ut
563 3702 653 3763 civilis
681 3703 806 3764 societas
825 3702 856 3763 iu
880 3699 1073 3763 retribuendo
1097 3700 1296 3781 proportione

181 3788 290 3861 utitur,
321 3787 360 3848 ita
388 3787 436 3849 bic
466 3807 583 3868 qnoque
610 3791 806 3870 proportione
829 3788 1012 3851 metiendum
1041 3782 1096 3849 est.
1117 3793 1121 3801 ’
1140 3786 1217 3850 Nam
1241 3806 1296 3867 quo

179 3875 298 3937 tandem
321 3882 408 3955 pacto
425 3875 504 3937 inter
521 3876 679 3954 agricolam
702 3885 732 3938 et
753 3885 886 3938 sutorem
904 3874 1051 3937 constabit
1071 3873 1220 3949 societas,
1243 3873 1296 3936 nisi

179 3961 375 4044 proportione
405 3963 596 4042 aequabilitas
627 3965 771 4042 quaedam
802 3982 928 4043 operum
962 3964 1073 4040 [rerum
1100 3961 1139 4023 ab
1169 3969 1296 4042 utroque

179 4050 403 4131 productorum]
427 4047 593 4112 ciliciatur?
625 4052 690 4112 Non
709 4052 795 4113 aliter
817 4051 891 4123 illis,
914 4050 963 4130 qui
986 4049 1119 4110 diversos
1139 4050 1173 4111 in
1191 4049 1295 4111 eadem

179 4137 304 4199 amicitia
327 4138 528 4199 contrahenda
555 4157 665 4219 scopos
683 4139 868 4210 babuerunt,
899 4137 1055 4217 proportio
1077 4153 1135 4216 pro
1157 4153 1297 4197 mensura

182 4244 248 4286 esse
268 4224 372 4286 debet:
404 4225 533 4304 exempli
557 4226 648 4304 gratia
669 4225 694 4286 si
716 4225 791 4286 alter
813 4224 978 4286 doctrinam
997 4241 1033 4284 ac
1054 4221 1237 4303 sapientiam
1257 4221 1296 4284 al-

180 4312 236 4372 teri
264 4311 300 4372 ab
326 4329 359 4371 se
382 4311 479 4372 datam
501 4312 587 4385 dicit,
604 4312 693 4374 »alter
719 4321 817 4373 autem
848 4331 904 4391 pro
936 4302 1140 4391 sapientinac
1155 4309 1296 4374 ⁴doctriua

180 4396 300 4457 alterius
318 4397 387 4458 huic
409 4416 492 4459 suam
515 4417 580 4459 ase
600 4399 755 4484 pecuniam
780 4400 876 4460 datam
895 4416 961 4459 esse
984 4396 1156 4461 contendit:
1179 4396 1298 4479 sapien·
