2784 4838
518 219 582 294 m..
605 220 639 294 s.
667 219 702 295 s.
729 224 766 293 7.
1165 218 1248 301 aos
1296 315 1301 325 ,

74 408 305 488 expostulans,
333 428 475 488 arrogans
504 410 560 472 sibi
587 411 756 483 videbatur,
784 429 874 490 quum
902 417 965 471 erat
993 411 1107 490 magnis
1130 413 1245 492 dignus,

129 496 265 575 prolecto
287 497 312 557 si
339 496 513 577 aliquando,
540 499 639 579 parvis
661 499 782 578 dignus,
814 496 925 577 aliquid
947 499 1129 578 postularet,
1152 503 1245 563 multo

129 583 223 662 magis
249 602 391 662 arrogans
422 585 477 646 sibi
498 584 658 647 videretur.
704 585 850 659 Quocirca
873 604 961 646 nemo
983 587 1072 648 talem
1095 587 1245 649 bominem

129 671 242 731 minuto
262 679 291 732 ct
312 691 404 751 parvo
422 673 519 733 animo
543 692 608 734 esse
626 673 713 745 dicet,
739 672 797 753 qui,
821 690 912 752 quum
929 672 1092 754 inquilinus
1114 674 1161 747 sit,
1184 695 1245 738 non

130 765 233 820 censet
251 778 284 819 se
304 759 425 838 dignum
449 760 630 839 magistratu,
653 761 707 821 sed
731 761 785 821 bos
808 761 938 821 bonores
956 760 1019 821 aliis
1042 761 1135 822 cedit:
1154 770 1183 822 at
1204 764 1246 824 ilii

81 853 110 897 ³⁰
129 847 187 907 boc
210 865 320 908 nonren
337 847 510 918 tribuemus,
535 848 593 927 qui,
615 867 704 927 quum
721 849 848 908 bonosio
871 846 937 908 loco
961 854 1048 909 natus
1071 848 1245 929 imperium-

128 952 186 1012 que
208 952 243 993 ac
265 936 396 995 bonores
426 934 536 1015 aliquid
566 954 705 1014 magnum
729 954 795 995 osse
825 934 989 1005 existimet,
1022 943 1120 996 tamen
1146 937 1245 1021 impe-

128 1021 203 1081 rium
226 1040 260 1082 ac
284 1022 471 1100 magistratus
493 1023 681 1102 deprecetur.

106 1102 128 1169 d
212 1108 272 1169 lam
296 1129 367 1170 vero
395 1110 439 1171 rii·
457 1111 630 1190 magnificus
653 1129 713 1171 non
736 1110 765 1170 in
793 1109 893 1190 quavis
916 1109 1032 1170 actione
1052 1111 1243 1191 conspicitur,

128 1194 183 1255 sed
202 1195 232 1256 in
257 1204 378 1278 sumptu
402 1197 554 1259 iaciendo:
581 1196 636 1258 nisi
655 1198 732 1259 forte
751 1197 909 1276 aliquando
928 1196 1049 1257 nomine
1073 1216 1128 1277 per
1147 1208 1245 1261 trans-

128 1281 270 1344 lationem
296 1284 423 1345 utimur:
453 1305 521 1346 nam
544 1286 573 1346 in
593 1285 764 1346 universum
790 1291 921 1355 constat,
952 1284 1017 1345 sine
1039 1293 1159 1364 sumptu
1182 1306 1244 1348 non

128 1388 194 1430 esse
223 1372 479 1451 magnificentiam.
518 1372 666 1434 Decorum
690 1372 769 1433 enim
794 1371 826 1432 in
849 1371 1012 1452 splendore
1033 1380 1191 1452 apparatus
1215 1382 1246 1435 et

80 1467 110 1510 ³⁵
130 1465 252 1518 ornatus
281 1460 427 1521 cernitur:
461 1459 510 1540 qui
540 1460 685 1540 splendor
711 1478 772 1520 non
800 1459 932 1538 quolibet
953 1466 1091 1539 sumptu,
1121 1462 1175 1522 sed
1197 1461 1245 1523 in-

127 1543 266 1623 signiori,
294 1566 381 1628 quam
400 1548 475 1608 vitae
499 1548 686 1626 quotidianae
707 1545 868 1608 necessitas
891 1547 1039 1626 postulat,
1061 1547 1243 1610 conciliatur.

129 1632 186 1704 Qui
206 1633 295 1711 igitur
315 1635 344 1695 in
368 1653 475 1714 magno
497 1643 619 1715 sumptu
637 1636 763 1696 decorae
785 1633 979 1712 magnitudini
1002 1634 1111 1708 studet,
1135 1635 1244 1715 quique

128 1720 204 1780 banc
233 1722 321 1783 talem
346 1721 581 1784 mediocritatem
610 1724 648 1783 ob
679 1722 862 1801 voluptatem
891 1741 958 1782 cum
994 1740 1027 1782 ea
1056 1721 1244 1785 coniunctam

128 1808 255 1887 expetit,
285 1809 310 1870 is
334 1816 379 1870 est
401 1810 583 1888 magnificus.
637 1809 694 1882 Qui
723 1828 794 1870 vero
818 1808 893 1871 ultra
920 1816 950 1868 et
977 1812 1243 1888 praetermodum

128 1903 280 1975 sumptum
302 1897 477 1958 indecorum
501 1898 585 1969 lacit,
618 1897 643 1957 is
666 1895 789 1977 proprio
815 1896 936 1957 nomine
959 1902 1054 1969 caret,
1080 1897 1134 1958 sed
1155 1898 1244 1959 balset

74 1984 277 2062 annuendam
300 1983 471 2047 affinitatem
494 2004 615 2057 eornm,
646 2002 721 2062 quos
743 1990 851 2044 vocant
873 1982 1073 2062 inelegantes,
1102 1982 1242 2057 insulsos,

129 2070 264 2144 stolidos,
285 2071 430 2146 inficetos,
450 2078 648 2138 ostentatores
668 2070 824 2149 gloriosos.
865 2069 1000 2150 Exempli
1020 2089 1108 2132 causa
1129 2072 1155 2133 si
1176 2073 1242 2152 quis

129 2157 211 2231 diues
230 2159 348 2240 nuptias
367 2160 417 2221 tilii
438 2159 484 2220 sui
506 2178 653 2241 apparans
673 2158 820 2220 existimat
847 2158 954 2219 decere
977 2175 1010 2218 se
1037 2159 1125 2219 talem
1148 2178 1242 2241 appa-

126 2252 240 2319 ratum,
272 2247 365 2326 qualis
384 2249 470 2309 decet
496 2266 580 2318 enm,
612 2245 660 2325 qui
683 2246 818 2307 homines
837 2245 966 2324 frugales
989 2263 1141 2325 paucaque
1164 2247 1242 2308 desi·

128 2333 284 2406 derantes,
309 2335 404 2416 epulis
422 2335 547 2415 excipit,
578 2334 604 2394 is
629 2341 674 2394 est
692 2332 834 2394 indecore
856 2330 1061 2412 parcus:·qui
1078 2352 1149 2394 vero
1168 2335 1242 2397 tales

92 2431 203 2498 equos
227 2422 316 2482 modo
337 2422 481 2502 descripsi
501 2421 639 2483 convivas
661 2420 786 2500 perinde
808 2419 888 2494 acsi
910 2418 1028 2501 nuptias
1052 2419 1102 2480 filii
1125 2421 1242 2503 sui‘ap-

126 2515 229 2586 paret,
265 2510 389 2590 excipit,
417 2518 446 2571 et
472 2510 590 2588 quidem
616 2527 677 2570 non
701 2508 811 2588 gloriae
839 2525 927 2568 causa
945 2526 1002 2569 nec
1023 2527 1079 2588 pro
1102 2508 1242 2588 singulari

126 2594 220 2673 aliqua
245 2598 437 2669 auctoritate,
467 2597 492 2657 is
513 2596 617 2657 similis
649 2603 694 2658 est
715 2595 890 2656 ostentatori
915 2594 1062 2674 glorioso:
1096 2595 1145 2674 qui
1170 2616 1241 2659 vero

126 2700 182 2760 pro
207 2683 347 2761 dignitate
369 2685 437 2745 illos
460 2692 489 2745 et
510 2692 544 2747 ut
560 2683 642 2744 iubet
663 2690 745 2744 recta
766 2682 841 2743 ratio
864 2681 988 2763 excipit,
1018 2682 1043 2743 is
1066 2690 1112 2743 est
1128 2686 1242 2763 magni·

126 2770 209 2830 licus.
253 2770 401 2833 Decorum
427 2771 505 2834 enim
535 2790 591 2851 pro
615 2770 755 2849 dignitate
779 2776 832 2831 est.
877 2769 955 2830 Nibil
985 2776 1030 2830 est
1052 2770 1131 2830 enirn
1151 2772 1242 2834 deco-

126 2877 203 2928 rum,
229 2859 307 2937 quod
329 2868 433 2920 contra
456 2858 627 2938 dignitatem
656 2865 710 2918 est.
755 2857 850 2919 Debet
869 2863 968 2917 autem
987 2855 1129 2918 decorum
1151 2858 1182 2919 in
1205 2879 1241 2921 oo

127 2945 277 3024 conspici,
306 2945 385 3025 quod
409 2947 483 3008 ratio
507 2945 633 3007 babetur
654 2951 684 3006 et
702 2943 763 3016 rei,
787 2943 818 3005 in
842 2961 928 3022 quam
948 2943 1075 3021 pecunia
1092 2942 1242 3025 impendi·

126 3042 192 3106 tur,
225 3041 254 3093 et
275 3052 447 3106 causarum,
477 3033 516 3094 ob
539 3051 610 3112 quas
631 3032 814 3111 impenditur
842 3031 923 3109 (nam
952 3028 1078 3109 exempli
1101 3049 1188 3092 causa
1210 3034 1241 3096 in

80 3127 108 3170 ¹⁰
126 3139 236 3180 vernae
255 3116 379 3182 ‘alicuius
399 3121 509 3203 nuptiis
526 3121 606 3182 aliud
624 3120 767 3181 decorum
787 3125 840 3190 est,
862 3116 942 3177 aliud
957 3115 987 3176 in
1004 3115 1115 3196 nuptiis
1130 3121 1243 3201 amati),

128 3207 255 3286 denique
275 3209 354 3289 quod
377 3209 451 3269 ratio
474 3209 600 3270 babetur
619 3224 783 3287 personae,
806 3223 881 3286 quae
903 3201 983 3264 illam
1005 3204 1162 3284 pecuniam
1185 3207 1242 3271 im-

128 3293 250 3376 pendit,
279 3305 367 3376 atque
388 3296 540 3376 quaeritur
562 3313 633 3357 num
660 3301 775 3365 tantus,
806 3289 998 3371 quantumin
1023 3289 1121 3352 animo
1139 3293 1241 3369 babes,

128 3390 264 3461 sumptus
293 3384 336 3444 rei
357 3383 514 3445 conveniat
541 3383 644 3454 taliae,
672 3381 709 3442 de
731 3399 787 3459 qua
807 3379 919 3458 agitur,
950 3396 1037 3438 causa
1057 3377 1162 3456 dignus
1188 3381 1241 3442 sit:

127 3471 378 3548 quemadmodum
399 3490 509 3551 pompa
532 3471 582 3531 illa
611 3467 764 3530 sollemnis
784 3464 936 3547 Olympica
961 3483 1022 3526 non
1041 3464 1102 3526 visa
1121 3474 1166 3529 est
1189 3469 1242 3530 de-

129 3577 197 3618 cere
220 3557 459 3631 Themistoclem,
483 3557 563 3637 quod
582 3556 630 3617 bic
651 3554 872 3617 obscurioribus
894 3553 931 3613 ad
954 3551 1077 3631 gloriam
1096 3554 1242 3618 natalibus

129 3645 241 3716 luisset,
258 3646 312 3707 sed
331 3647 437 3707 decere
456 3645 516 3705 visa
536 3650 581 3706 est
598 3643 759 3705 Cimonem.
792 3641 844 3702 llle
863 3656 934 3703 vero
951 3639 1011 3719 qui,
1031 3639 1242 3723 qualiscunque

130 3732 256 3810 dignitas
276 3733 374 3803 luerit,
398 3752 507 3811 susque
528 3732 623 3810 deque
642 3729 741 3809 babet,
760 3729 839 3792 inter
859 3730 915 3789 hos
933 3746 994 3790 non
1016 3733 1062 3787 est
1081 3746 1242 3818 numeran-

84 3835 112 3878 ιι
132 3819 197 3880 dus.
241 3820 324 3880 Idem
346 3819 424 3880 valet
447 3820 483 3881 de
504 3817 695 3881 liberalitate:
721 3835 790 3878 nam
812 3823 898 3887 sunt,
921 3813 1087 3893 quinoque
1105 3814 1242 3879 liberales

129 3926 227 3984 neque
249 3925 320 3968 vero
343 3907 503 3969 illiberales
527 3905 583 3966 dici
601 3903 727 3984 possint.
882 3959 885 3971 ,

106 3989 127 4056 7
217 3994 277 4055 lam
300 4013 371 4056 vero
391 3994 520 4073 reliqua,
543 4010 619 4073 quae
640 3991 670 4052 in
690 3988 822 4051 moribus
844 3988 1001 4050 laudantur
1024 3992 1054 4046 et
1070 3985 1242 4069 vituperan-

130 4089 187 4152 tur,
210 4081 318 4160 partim
337 4100 475 4143 excessus
498 4085 577 4152 sunt,
601 4077 708 4159 partim
731 4077 874 4148 delectus,
897 4073 1005 4154 partim
1022 4073 1241 4140 mediocritates

128 4167 270 4248 passivae.
315 4168 450 4249 Exempli
466 4185 562 4238 cansa,
585 4165 610 4226 si
634 4163 856 4226 consideramus
874 4159 991 4223 babitus
1008 4159 1136 4222 bominis
1152 4161 1241 4226 invidi

128 4262 158 4315 et
180 4256 309 4317 bominis
334 4254 554 4324 malevolentis,
584 4252 647 4314 eius
670 4250 719 4329 qui
741 4249 826 4311 malis
847 4247 950 4310 alicnis
972 4245 1096 4327 gaudet:
1125 4248 1242 4314 invidus

82 4353 111 4398 ao
129 4342 160 4402 in
191 4362 226 4403 eo
250 4342 397 4412 cernitur,
433 4341 514 4423 quod
545 4340 627 4402 dolet
655 4337 692 4399 ob
720 4334 874 4398 bominum
902 4335 1061 4414 dignorum
1085 4350 1243 4401 successus

129 4428 247 4491 felices:
281 4429 397 4493 allectio
427 4427 555 4492 bominis
585 4422 790 4488 malevolentis
818 4422 849 4487 in
879 4423 983 4487 cadem
1018 4439 1105 4485 causa
1138 4421 1241 4504 (quum

74 4527 117 4575 nn
139 4527 194 4572 suo.
1050 4527 1093 4592 20
1190 4547 1192 4550 <
