2784 4838
626 511 694 626 V.

201 662 487 838 Propositum
515 723 775 811 Etbicorum
808 725 1120 814 Eudemiomm

20 882 27 907 ‘
141 903 241 964 cnm
269 873 442 962 Eibecic
471 876 774 964 Nicomocbeis
802 890 1173 993 comparatorum.

22 1170 29 1197 γ
145 1093 175 1164 l·
211 1072 266 1160 Ex
288 1097 510 1179 comparatione
531 1097 702 1162 Etlricorum
730 1098 941 1162 Eudemiorum
965 1108 995 1162 et
1015 1098 1187 1164 Etlricorum
1208 1098 1259 1163 Ni·

65 1185 289 1249 conacbeorum
311 1193 447 1267 apparet,
467 1185 623 1248 consilium
642 1186 734 1248 luisse
755 1185 890 1260 Eudemi,
909 1195 951 1258 ut,
969 1186 1169 1250 examinandis
1192 1205 1259 1266 gra·

64 1271 185 1336 cissimis
205 1273 453 1354 philosophorum
472 1273 510 1335 de
531 1273 589 1335 rita
613 1274 699 1336 beata
717 1273 889 1345 sententiis,
918 1275 977 1336 hoc
996 1275 1074 1336 libro
1096 1283 1261 1355 exponeret

63 1378 119 1422 non
136 1361 176 1423 de
194 1359 331 1423 doctrina
351 1359 472 1441 politica
489 1368 566 1434 tota,
597 1361 652 1422 sed
674 1361 712 1423 de
732 1360 920 1442 philosophia
940 1361 1060 1436 morali,
1092 1370 1122 1424 et
1142 1370 1175 1424 ut
1194 1361 1260 1442 pla·

10 1472 32 1530 ,ι
65 1446 115 1508 cita
137 1446 307 1509 Aristotelis
328 1454 485 1509 retractata
515 1446 622 1529 partim
651 1447 830 1529 explicaret,
861 1448 968 1529 partim
989 1467 1005 1510 a
1028 1448 1258 1511 dubitationibus

10 1580 13 1593 .
64 1533 234 1614 quibrmdam
253 1534 490 1597 adversariorum
513 1534 661 1607 liberaret,
684 1534 792 1615 partim
815 1536 1016 1598 conformaret
1037 1544 1068 1598 et
1085 1536 1257 1616 corrigeret,

25 1630 30 1663 ⁸
64 1621 224 1701 eademque
254 1640 346 1701 opera
375 1621 496 1684 scholae
521 1620 736 1702 Peripateticae
771 1622 974 1686 auctoritatem
1007 1623 1136 1685 muniret
1169 1632 1258 1702 atque

10 1695 35 1805 ἶ,
63 1707 212 1771 stabiliret

10 1868 15 1967 ἱ
573 1861 741 1938 Probotio.

10 2016 28 2085 ι,
139 1994 175 2065 2.
205 1997 527 2060 Debeatitudine
546 2017 589 2060 ac
615 2001 659 2062 dc
678 2001 754 2072 via,
777 2018 848 2079 qua
871 2001 984 2061 homo
1005 1999 1049 2061 ad
1073 2016 1256 2078 camper-

10 2103 14 2140 ι
61 2087 196 2148 venire
219 2084 367 2166 possit,
390 2083 467 2146 velle
488 2103 522 2147 se
540 2087 598 2148 hoc
619 2088 713 2160 libro,
737 2086 936 2148 examinandis
947 2083 988 2163 ⁴²)
1008 2084 1256 2166 philosophorum

10 2202 13 2212 ·
60 2172 299 2252 gravissimorum
320 2171 485 2244 sententiis,
506 2191 667 2253 exponere,
688 2182 718 2236 et
738 2173 860 2235 introitu
883 2173 984 2254 operis
1005 2171 1136 2235 declarat
1153 2181 1257 2235 auctor

10 2283 12 2303 ·
60 2268 86 2322 et
105 2255 256 2336 exitu⁴⁸):
272 2266 360 2339 atque
383 2259 421 2321 de
440 2259 496 2320 hac
514 2260 636 2341 exponit
652 2279 752 2323 rerum
775 2278 831 2340 per
851 2267 946 2321 totum
968 2279 1044 2340 opus
1066 2267 1256 2322 tractatarum

58 2347 141 2411 serie.
187 2347 291 2426 ltaque
314 2363 404 2425 quum
426 2344 579 2409 homiuum
605 2347 790 2427 singulorum
821 2347 1007 2409 conditiones
1033 2354 1120 2426 atquc
1145 2365 1255 2421 mores,

57 2452 114 2497 non
135 2431 340 2514 reipublicae
362 2432 610 2513 temperationem
630 2452 665 2495 ac
687 2435 842 2505 rationem,
862 2433 1058 2515 philosophus
1075 2433 1255 2507 consideret,

56 2521 91 2584 de
112 2520 222 2584 morali
244 2519 378 2583 doctrina
398 2520 457 2582 hoc
478 2521 555 2583 libro
577 2520 683 2599 agitur,
705 2540 766 2583 non
788 2520 825 2582 de
843 2520 977 2582 doctrina
1001 2520 1127 2601 politica.
1159 2521 1256 2601 Atque

55 2608 126 2671 haee
153 2607 252 2689 prima
286 2605 457 2669 Ethicorum
485 2607 696 2669 Eudemiorum
733 2616 763 2669 et
789 2607 961 2670 Ethicorum
990 2607 1254 2670 Nicomacheornm

55 2693 223 2758 differentia
252 2700 307 2756 est
358 2693 429 2756 Nam
456 2694 557 2756 Ethica
579 2694 773 2757 Nicomaohea
802 2698 883 2756 recte
912 2702 1056 2757 vocantur
1077 2711 1146 2774 pars
1172 2693 1256 2774 prior

54 2781 207 2844 doctrinae
236 2779 373 2863 politicae
401 2781 437 2843 ab
460 2780 618 2843 Aristotele
647 2789 803 2855 tractatae,
842 2781 925 2847 cuius
952 2799 1022 2862 pars
1051 2781 1142 2843 altera
1172 2780 1255 2843 libris

54 2866 248 2932 Politicorum
277 2876 308 2930 ct
331 2867 600 2930 Oeconomicorum
631 2869 816 2941 continetur,
854 2868 924 2930 dum
952 2877 1055 2931 auctor
1084 2867 1255 2931 Ethicorum

54 2954 268 3018 Eudemicrum
286 2954 426 3017 exhibere
440 2974 474 3016 se
488 2955 565 3017 libro
580 2974 637 3017 suo
652 2956 858 3038 disputationis
876 2956 1014 3037 politicae
1027 2962 1143 3036 partem
1161 2973 1256 3035 quan-

10 3112 12 3119 ,
55 3041 120 3104 dam
142 3041 288 3123 priorem,
311 3040 358 3103 cui
381 3041 564 3104 subiicienda
586 3060 656 3122 pars
678 3043 769 3105 altera
784 3041 976 3104 Politicorum
996 3041 1043 3114 sit,
1064 3042 1146 3103 nullo
1163 3042 1255 3104 verbo

54 3127 208 3209 significat.
255 3127 424 3190 Cuiusmodi
447 3129 472 3191 si
503 3127 573 3210 quid
594 3130 662 3193 huic
689 3130 764 3191 libro
787 3129 957 3191 addendum
988 3147 1054 3189 esse
1080 3126 1254 3200 censuisset,

55 3215 83 3277 id
102 3235 174 3278 eum
191 3215 425 3295 significaturum
447 3215 557 3288 luisse,
583 3235 619 3277 eo
641 3217 734 3297 magis
756 3215 898 3278 credibile
921 3223 982 3285 cst,
1014 3232 1105 3293 quum
1131 3212 1253 3275 aliarum

56 3302 287 3384 disputationum
313 3301 369 3363 iam
392 3301 592 3364 absolutarum
620 3312 650 3365 et
671 3304 757 3365 huius
782 3301 849 3364 libri
870 3320 936 3363 esse
956 3300 1102 3382 quandam
1121 3299 1255 3362 necessi·

11 3422 14 3427 ·
56 3389 198 3462 tudinem,
221 3389 297 3452 etin
316 3389 464 3471 principio
479 3385 597 3464 libri⁴⁵l
615 3389 723 3452 stallis
740 3386 866 3468 locis⁴⁶)
885 3388 1081 3469 philosophus
1099 3386 1255 3467 significet

137 3471 171 3542 8.
206 3476 267 3538 Sed
298 3476 483 3539 moralem
515 3475 831 3558 philosophiam,
857 3476 893 3538 ab
916 3473 1073 3538 Aristotele
1095 3473 1127 3536 in
1145 3473 1255 3537 Ethicis

12 3570 15 3585 ¹
57 3561 257 3626 Nicomacheis
279 3563 453 3644 expositam,
478 3562 680 3625 examinandis
700 3563 786 3626 etiarn
802 3564 985 3644 reliquorum
1008 3561 1255 3645 philosophorum

11 3678 18 3739 5
58 3649 226 3712 desummo
247 3650 329 3712 bono
347 3649 502 3712 sententiis
519 3649 707 3730 gravissimis,
728 3670 783 3712 suo
800 3651 876 3712 libro
896 3650 1103 3733 explicare
1126 3649 1255 3712 voluisse

57 3734 229 3808 Eudemum,
253 3756 288 3799 ex
307 3736 353 3800 his
374 3737 465 3799 rebus
486 3735 669 3816 intelligitur.

138 3824 180 3886 Ut
199 3820 378 3902 aliorum⁴⁷)
409 3823 589 3904 scriptorum
615 3823 878 3894 Aristoteleorum,
905 3823 944 3886 its
970 3823 1142 3888 Ethioorum
1167 3821 1254 3885 Nico·

10 3994 17 4031 l
85 3993 133 4062 ⁴2)
151 3993 219 4046 Vide
236 4011 261 4062 p.
278 3995 304 4060 7,
317 3995 394 4051 5-o.
413 4011 438 4062 p.
454 3994 480 4059 b,
495 3995 539 4049 28.
565 3993 640 4046 Com·
703 3993 748 4063 lb)
771 3992 836 4046 Vide
866 4011 891 4060 p.
910 3995 961 4060 lb,
981 3992 1024 4047 38.
1055 4010 1070 4058 p
1097 3993 1141 4056 bb,
1165 3991 1205 4043 lo.
1225 4004 1252 4055 p.

56 4065 137 4144 parari
191 4063 360 4116 nodannodo
387 4063 639 4144 potestteonsiliurn
670 4063 710 4127 15,
732 4061 774 4117 1⁷.

55 4129 150 4184 Phrlcbi
204 4133 318 4184 atanici:
343 4132 380 4184 cl.
400 4127 517 4184 brandus.
536 4132 640 4183 Handb.
701 4165 749 4233 47)
770 4164 835 4217 Vidn
853 4181 876 4218 ⁰·
896 4179 936 4228 ῃ
955 4180 980 4228 Ρ,
997 4164 1041 4229 25,
1059 4162 1103 4214 34·
1122 4176 1147 4227 ν.
1163 4160 1204 4224 18,
1219 4160 1254 4214 ῃ

55 4200 97 4253 der
110 4207 237 4266 pse-m
256 4201 357 4254 Philon.
377 4199 411 4267 ll,
431 4199 443 4253 1
465 4214 491 4265 p.
510 4198 571 4252 lid.
670 4235 744 4287 ,η
766 4235 790 4300 p·
812 4234 854 4294 15,
868 4232 899 4285 17
917 4232 977 4284 cop·
997 4246 1022 4297 Ρ,
1042 4231 1086 4293 ⁴2,
1105 4229 1148 4282 38,
1172 4245 1196 4295 p,
1209 4229 1252 4292 56,

10 4290 15 4304 “
82 4268 129 4336 4³)
148 4267 217 4320 vm
238 4283 264 4335 Ρ·
284 4270 311 4333 3⁸
332 4269 435 4335 ΠΨ·
454 4283 480 4334 Ρ·
503 4267 527 4332 7’
547 4268 563 4319 ⁸
582 4282 638 4334 'qq'
670 4300 711 4353 ld.
737 4301 833 4353 Eodem
850 4300 960 4352 fortasse
976 4297 1252 4358 illarcicrcntlasnnt,

54 4337 270 4487 ἰ·ἔ)7,ν3ὧ;ῆὲ·
285 4353 317 4473 p,
330 4336 457 4460 ffbb'rb
465 4351 525 4474 ppp
537 4336 641 4456 ονὶκξιροθν·
668 4369 882 4504 {paaupupprpp
899 4383 923 4434 p.
941 4368 986 4432 22,
1004 4366 1038 4420 ao
1056 4373 1084 4418 ec
1103 4383 1129 4434 p.
1145 4365 1206 4430 nat,
1221 4366 1250 4418 at

53 4489 83 4539 nv
100 4475 128 4547 τῇ
144 4467 277 4546 μεθόδῳ.
