<?xml version="1.0" encoding="UTF-8"?>
<!DOCTYPE html PUBLIC "-//W3C//DTD XHTML 1.0 Transitional//EN"
    "http://www.w3.org/TR/xhtml1/DTD/xhtml1-transitional.dtd">
<html xmlns="http://www.w3.org/1999/xhtml" xml:lang="en" lang="en">
 <head>
  <title>
</title>
<meta http-equiv="Content-Type" content="text/html;charset=utf-8" />
  <meta name='ocr-system' content='tesseract 3.04.00' />
  <meta name='ocr-capabilities' content='ocr_page ocr_carea ocr_par ocr_line ocrx_word'/>
</head>
<body>
  <div class='ocr_page' id='page_1' title='image "./ethicaeudemia00arisgoog/ethicaeudemia00arisgoog_0384.png"; bbox 0 0 2776 4836; ppageno 0'>
   <div class='ocr_carea' id='block_1_1' title="bbox 88 204 821 290">
    <p class='ocr_par' dir='ltr' id='par_1_1' title="bbox 88 204 821 290">
     <span class='ocr_line' id='line_1_1' title="bbox 88 204 821 290; baseline -0.012 -3"><span class='ocrx_word' id='word_1_1' title='bbox 88 207 168 290; x_wconf 83' lang='lat'><strong>330</strong></span> <span class='ocrx_word' id='word_1_2' title='bbox 566 204 643 282; x_wconf 85' lang='lat' dir='ltr'><strong>vll.</strong></span> <span class='ocrx_word' id='word_1_3' title='bbox 677 208 730 278; x_wconf 91' lang='lat' dir='ltr'><strong>ll.</strong></span> <span class='ocrx_word' id='word_1_4' title='bbox 764 206 821 279; x_wconf 68' lang='lat' dir='ltr'><strong>ll.</strong></span> 
     </span>
    </p>
   </div>
   <div class='ocr_carea' id='block_1_2' title="bbox 81 395 1331 4497">
    <p class='ocr_par' dir='ltr' id='par_1_2' title="bbox 88 395 1331 742">
     <span class='ocr_line' id='line_1_2' title="bbox 88 395 1331 478; baseline -0.005 -16"><span class='ocrx_word' id='word_1_5' title='bbox 88 399 320 469; x_wconf 73' lang='lat' dir='ltr'><strong>naccdebemus</strong></span> <span class='ocrx_word' id='word_1_6' title='bbox 343 407 372 458; x_wconf 88' lang='lat' dir='ltr'><strong>et</strong></span> <span class='ocrx_word' id='word_1_7' title='bbox 390 398 427 470; x_wconf 86' lang='lat' dir='ltr'><strong>ci,</strong></span> <span class='ocrx_word' id='word_1_8' title='bbox 450 400 499 478; x_wconf 91' lang='lat' dir='ltr'><strong>qui</strong></span> <span class='ocrx_word' id='word_1_9' title='bbox 516 399 593 460; x_wconf 89' lang='lat' dir='ltr'><strong>benc</strong></span> <span class='ocrx_word' id='word_1_10' title='bbox 614 400 651 459; x_wconf 91' lang='lat' dir='ltr'><strong>de</strong></span> <span class='ocrx_word' id='word_1_11' title='bbox 674 398 760 459; x_wconf 93' lang='lat' dir='ltr'><strong>nobis</strong></span> <span class='ocrx_word' id='word_1_12' title='bbox 780 397 905 460; x_wconf 84' lang='lat' dir='ltr'><strong>meritus</strong></span> <span class='ocrx_word' id='word_1_13' title='bbox 926 405 982 469; x_wconf 86' lang='lat' dir='ltr'><strong>est,</strong></span> <span class='ocrx_word' id='word_1_14' title='bbox 1002 395 1095 468; x_wconf 89' lang='lat' dir='ltr'><strong>etei,</strong></span> <span class='ocrx_word' id='word_1_15' title='bbox 1122 396 1174 475; x_wconf 88' lang='lat' dir='ltr'><strong>qui</strong></span> <span class='ocrx_word' id='word_1_16' title='bbox 1195 395 1285 457; x_wconf 80' lang='lat' dir='ltr'><strong>virtute</strong></span> <span class='ocrx_word' id='word_1_17' title='bbox 1310 398 1331 439; x_wconf 55' lang='grc' dir='ltr'>ἰ</span> 
     </span>
     <span class='ocr_line' id='line_1_3' title="bbox 174 483 1285 565; baseline -0.005 -17"><span class='ocrx_word' id='word_1_18' title='bbox 174 505 228 548; x_wconf 90' lang='lat' dir='ltr'><strong>sua</strong></span> <span class='ocrx_word' id='word_1_19' title='bbox 246 486 358 546; x_wconf 88' lang='lat' dir='ltr'><strong>amicus</strong></span> <span class='ocrx_word' id='word_1_20' title='bbox 375 485 484 546; x_wconf 79' lang='lat' dir='ltr'><strong>exstitit</strong></span> <span class='ocrx_word' id='word_1_21' title='bbox 506 486 577 565; x_wconf 86' lang='lat' dir='ltr'><strong>(boc</strong></span> <span class='ocrx_word' id='word_1_22' title='bbox 595 486 674 547; x_wconf 89' lang='lat' dir='ltr'><strong>enim</strong></span> <span class='ocrx_word' id='word_1_23' title='bbox 695 486 838 547; x_wconf 84' lang='lat' dir='ltr'><strong>amicitiae</strong></span> <span class='ocrx_word' id='word_1_24' title='bbox 861 485 994 547; x_wconf 87' lang='lat' dir='ltr'><strong>definitio</strong></span> <span class='ocrx_word' id='word_1_25' title='bbox 1018 493 1108 545; x_wconf 87' lang='lat' dir='ltr'><strong>recte</strong></span> <span class='ocrx_word' id='word_1_26' title='bbox 1128 483 1285 563; x_wconf 66' lang='lat' dir='ltr'><strong>significan:</strong></span> 
     </span>
     <span class='ocr_line' id='line_1_4' title="bbox 175 571 1285 653; baseline -0.005 -16"><span class='ocrx_word' id='word_1_27' title='bbox 175 574 222 637; x_wconf 89' lang='lat' dir='ltr'><strong>alii</strong></span> <span class='ocrx_word' id='word_1_28' title='bbox 244 573 335 652; x_wconf 87' lang='lat' dir='ltr'><strong>igitur</strong></span> <span class='ocrx_word' id='word_1_29' title='bbox 355 573 443 633; x_wconf 80' lang='lat' dir='ltr'><strong>uitam</strong></span> <span class='ocrx_word' id='word_1_30' title='bbox 470 582 575 653; x_wconf 88' lang='lat' dir='ltr'><strong>optare</strong></span> <span class='ocrx_word' id='word_1_31' title='bbox 598 574 758 647; x_wconf 80' lang='lat' dir='ltr'><strong>alebcmus,</strong></span> <span class='ocrx_word' id='word_1_32' title='bbox 786 574 840 635; x_wconf 90' lang='lat' dir='ltr'><strong>sed</strong></span> <span class='ocrx_word' id='word_1_33' title='bbox 870 592 938 633; x_wconf 90' lang='lat' dir='ltr'><strong>cum</strong></span> <span class='ocrx_word' id='word_1_34' title='bbox 959 572 1019 633; x_wconf 88' lang='lat' dir='ltr'><strong>alio</strong></span> <span class='ocrx_word' id='word_1_35' title='bbox 1043 571 1152 633; x_wconf 83' lang='lat' dir='ltr'><strong>vivere</strong></span> <span class='ocrx_word' id='word_1_36' title='bbox 1173 579 1204 632; x_wconf 88' lang='lat' dir='ltr'><strong>et</strong></span> <span class='ocrx_word' id='word_1_37' title='bbox 1222 580 1285 632; x_wconf 87' lang='lat' dir='ltr'><strong>aeta-</strong></span> 
     </span>
     <span class='ocr_line' id='line_1_5' title="bbox 176 658 1285 742; baseline -0.005 -18"><span class='ocrx_word' id='word_1_38' title='bbox 176 672 237 724; x_wconf 90' lang='lat' dir='ltr'><strong>tem</strong></span> <span class='ocrx_word' id='word_1_39' title='bbox 253 662 362 739; x_wconf 89' lang='lat' dir='ltr'><strong>degere</strong></span> <span class='ocrx_word' id='word_1_40' title='bbox 378 660 456 734; x_wconf 86' lang='lat' dir='ltr'><strong>licet,</strong></span> <span class='ocrx_word' id='word_1_41' title='bbox 476 661 589 723; x_wconf 87' lang='lat' dir='ltr'><strong>scilicet</strong></span> <span class='ocrx_word' id='word_1_42' title='bbox 610 680 678 723; x_wconf 92' lang='lat' dir='ltr'><strong>cum</strong></span> <span class='ocrx_word' id='word_1_43' title='bbox 697 680 743 733; x_wconf 92' lang='lat' dir='ltr'><strong>eo,</strong></span> <span class='ocrx_word' id='word_1_44' title='bbox 768 661 816 742; x_wconf 91' lang='lat' dir='ltr'><strong>qui</strong></span> <span class='ocrx_word' id='word_1_45' title='bbox 833 661 871 722; x_wconf 93' lang='lat' dir='ltr'><strong>ob</strong></span> <span class='ocrx_word' id='word_1_46' title='bbox 891 678 1011 721; x_wconf 89' lang='lat' dir='ltr'><strong>morum</strong></span> <span class='ocrx_word' id='word_1_47' title='bbox 1028 658 1214 721; x_wconf 86' lang='lat' dir='ltr'><strong>suavitatem</strong></span> <span class='ocrx_word' id='word_1_48' title='bbox 1229 660 1285 720; x_wconf 90' lang='lat' dir='ltr'><strong>ami-</strong></span> 
     </span>
    </p>

    <p class='ocr_par' dir='ltr' id='par_1_3' title="bbox 132 747 1317 1621">
     <span class='ocr_line' id='line_1_6' title="bbox 132 747 1287 828; baseline 0.002 -23"><span class='ocrx_word' id='word_1_49' title='bbox 132 762 159 805; x_wconf 79' lang='lat' dir='ltr'><strong>ra</strong></span> <span class='ocrx_word' id='word_1_50' title='bbox 179 768 231 812; x_wconf 89' lang='lat' dir='ltr'><strong>cus</strong></span> <span class='ocrx_word' id='word_1_51' title='bbox 254 757 315 809; x_wconf 90' lang='lat' dir='ltr'><strong>est:</strong></span> <span class='ocrx_word' id='word_1_52' title='bbox 341 756 367 807; x_wconf 95' lang='lat' dir='ltr'><strong>at</strong></span> <span class='ocrx_word' id='word_1_53' title='bbox 391 749 526 809; x_wconf 89' lang='lat' dir='ltr'><strong>dolorum</strong></span> <span class='ocrx_word' id='word_1_54' title='bbox 551 758 581 810; x_wconf 85' lang='lat' dir='ltr'><strong>et</strong></span> <span class='ocrx_word' id='word_1_55' title='bbox 604 750 778 828; x_wconf 79' lang='lat' dir='ltr'><strong>gaudiorum</strong></span> <span class='ocrx_word' id='word_1_56' title='bbox 799 748 932 809; x_wconf 89' lang='lat' dir='ltr'><strong>omnium</strong></span> <span class='ocrx_word' id='word_1_57' title='bbox 955 765 1025 808; x_wconf 84' lang='lat' dir='ltr'><strong>vera</strong></span> <span class='ocrx_word' id='word_1_58' title='bbox 1049 748 1229 808; x_wconf 90' lang='lat' dir='ltr'><strong>communio</strong></span> <span class='ocrx_word' id='word_1_59' title='bbox 1248 747 1287 819; x_wconf 88' lang='lat' dir='ltr'><strong>illi,</strong></span> 
     </span>
     <span class='ocr_line' id='line_1_7' title="bbox 176 835 1286 918; baseline -0.004 -20"><span class='ocrx_word' id='word_1_60' title='bbox 176 838 227 918; x_wconf 92' lang='lat' dir='ltr'><strong>qui</strong></span> <span class='ocrx_word' id='word_1_61' title='bbox 247 837 285 897; x_wconf 91' lang='lat' dir='ltr'><strong>ob</strong></span> <span class='ocrx_word' id='word_1_62' title='bbox 313 836 450 897; x_wconf 85' lang='lat' dir='ltr'><strong>virtutem</strong></span> <span class='ocrx_word' id='word_1_63' title='bbox 472 836 584 897; x_wconf 91' lang='lat' dir='ltr'><strong>amicus</strong></span> <span class='ocrx_word' id='word_1_64' title='bbox 607 844 668 910; x_wconf 89' lang='lat' dir='ltr'><strong>est,</strong></span> <span class='ocrx_word' id='word_1_65' title='bbox 695 837 892 917; x_wconf 88' lang='lat' dir='ltr'><strong>impertienda</strong></span> <span class='ocrx_word' id='word_1_66' title='bbox 914 842 969 896; x_wconf 85' lang='lat' dir='ltr'><strong>est</strong></span> <span class='ocrx_word' id='word_1_67' title='bbox 1015 835 1080 896; x_wconf 85' lang='lat' dir='ltr'><strong>Sed</strong></span> <span class='ocrx_word' id='word_1_68' title='bbox 1105 852 1215 895; x_wconf 88' lang='lat' dir='ltr'><strong>omnes</strong></span> <span class='ocrx_word' id='word_1_69' title='bbox 1233 835 1286 895; x_wconf 88' lang='lat' dir='ltr'><strong>illae</strong></span> 
     </span>
     <span class='ocr_line' id='line_1_8' title="bbox 174 922 1317 1023; baseline -0.003 -37"><span class='ocrx_word' id='word_1_70' title='bbox 174 924 319 986; x_wconf 79' lang='lat' dir='ltr'><strong>amicitiae</strong></span> <span class='ocrx_word' id='word_1_71' title='bbox 345 924 533 985; x_wconf 81' lang='lat' dir='ltr'><strong>definitiones</strong></span> <span class='ocrx_word' id='word_1_72' title='bbox 555 925 592 984; x_wconf 88' lang='lat' dir='ltr'><strong>ad</strong></span> <span class='ocrx_word' id='word_1_73' title='bbox 615 925 761 1005; x_wconf 91' lang='lat' dir='ltr'><strong>quandam</strong></span> <span class='ocrx_word' id='word_1_74' title='bbox 785 923 941 985; x_wconf 70' lang='lat' dir='ltr'><strong>amicitiam</strong></span> <span class='ocrx_word' id='word_1_75' title='bbox 967 931 1115 1003; x_wconf 83' lang='lat' dir='ltr'><strong>spectant</strong></span> <span class='ocrx_word' id='word_1_76' title='bbox 1142 922 1213 983; x_wconf 91' lang='lat' dir='ltr'><strong>illae</strong></span> <span class='ocrx_word' id='word_1_77' title='bbox 1234 923 1286 1002; x_wconf 92' lang='lat' dir='ltr'><strong>qui·</strong></span> <span class='ocrx_word' id='word_1_78' title='bbox 1312 928 1317 1023; x_wconf 78' lang='grc' dir='ltr'>Ι</span> 
     </span>
     <span class='ocr_line' id='line_1_9' title="bbox 176 1010 1285 1083; baseline -0.003 -10"><span class='ocrx_word' id='word_1_79' title='bbox 176 1014 261 1081; x_wconf 90' lang='lat' dir='ltr'><strong>dem,</strong></span> <span class='ocrx_word' id='word_1_80' title='bbox 286 1011 420 1071; x_wconf 90' lang='lat' dir='ltr'><strong>sednon</strong></span> <span class='ocrx_word' id='word_1_81' title='bbox 444 1013 593 1072; x_wconf 88' lang='lat' dir='ltr'><strong>adunam</strong></span> <span class='ocrx_word' id='word_1_82' title='bbox 625 1020 655 1072; x_wconf 90' lang='lat' dir='ltr'><strong>et</strong></span> <span class='ocrx_word' id='word_1_83' title='bbox 686 1013 811 1073; x_wconf 88' lang='lat' dir='ltr'><strong>eandem</strong></span> <span class='ocrx_word' id='word_1_84' title='bbox 839 1010 1005 1072; x_wconf 88' lang='lat' dir='ltr'><strong>amicitiam.</strong></span> <span class='ocrx_word' id='word_1_85' title='bbox 1054 1010 1164 1083; x_wconf 83' lang='lat' dir='ltr'><strong>Quare</strong></span> <span class='ocrx_word' id='word_1_86' title='bbox 1191 1010 1285 1071; x_wconf 88' lang='lat' dir='ltr'><strong>multae</strong></span> 
     </span>
     <span class='ocr_line' id='line_1_10' title="bbox 177 1086 1316 1180; baseline 0.003 -20"><span class='ocrx_word' id='word_1_87' title='bbox 177 1098 364 1160; x_wconf 84' lang='lat' dir='ltr'><strong>definitiones</strong></span> <span class='ocrx_word' id='word_1_88' title='bbox 386 1107 465 1172; x_wconf 84' lang='lat' dir='ltr'><strong>sum,</strong></span> <span class='ocrx_word' id='word_1_89' title='bbox 489 1118 612 1178; x_wconf 90' lang='lat' dir='ltr'><strong>quarum</strong></span> <span class='ocrx_word' id='word_1_90' title='bbox 629 1119 822 1180; x_wconf 90' lang='lat' dir='ltr'><strong>unaquaeque</strong></span> <span class='ocrx_word' id='word_1_91' title='bbox 838 1099 925 1159; x_wconf 82' lang='lat' dir='ltr'><strong>unius</strong></span> <span class='ocrx_word' id='word_1_92' title='bbox 948 1105 1047 1160; x_wconf 85' lang='lat' dir='ltr'><strong>certae</strong></span> <span class='ocrx_word' id='word_1_93' title='bbox 1067 1096 1220 1158; x_wconf 81' lang='lat' dir='ltr'><strong>amicitiae</strong></span> <span class='ocrx_word' id='word_1_94' title='bbox 1234 1116 1287 1157; x_wconf 87' lang='lat' dir='ltr'><strong>esse</strong></span> <span class='ocrx_word' id='word_1_95' title='bbox 1311 1086 1316 1163; x_wconf 82' lang='grc' dir='ltr'>Ι</span> 
     </span>
     <span class='ocr_line' id='line_1_11' title="bbox 176 1182 1314 1325; baseline -0.002 -79"><span class='ocrx_word' id='word_1_96' title='bbox 176 1187 302 1258; x_wconf 81' lang='lat' dir='ltr'><strong>videtur,</strong></span> <span class='ocrx_word' id='word_1_97' title='bbox 322 1203 413 1266; x_wconf 90' lang='lat' dir='ltr'><strong>quum</strong></span> <span class='ocrx_word' id='word_1_98' title='bbox 433 1195 531 1247; x_wconf 85' lang='lat' dir='ltr'><strong>tamen</strong></span> <span class='ocrx_word' id='word_1_99' title='bbox 550 1187 681 1248; x_wconf 88' lang='lat' dir='ltr'><strong>nonsit:</strong></span> <span class='ocrx_word' id='word_1_100' title='bbox 705 1187 832 1267; x_wconf 83' lang='lat' dir='ltr'><strong>exempli</strong></span> <span class='ocrx_word' id='word_1_101' title='bbox 850 1185 941 1265; x_wconf 87' lang='lat' dir='ltr'><strong>gratia</strong></span> <span class='ocrx_word' id='word_1_102' title='bbox 959 1203 1051 1266; x_wconf 89' lang='lat' dir='ltr'><strong>quum</strong></span> <span class='ocrx_word' id='word_1_103' title='bbox 1073 1184 1199 1257; x_wconf 89' lang='lat' dir='ltr'><strong>dicitur,</strong></span> <span class='ocrx_word' id='word_1_104' title='bbox 1219 1182 1287 1245; x_wconf 81' lang='lat' dir='ltr'><strong>amici</strong></span> <span class='ocrx_word' id='word_1_105' title='bbox 1306 1196 1314 1325; x_wconf 70' lang='lat' dir='ltr'><strong>p</strong></span> 
     </span>
     <span class='ocr_line' id='line_1_12' title="bbox 178 1270 1287 1353; baseline -0.004 -18"><span class='ocrx_word' id='word_1_106' title='bbox 178 1276 235 1335; x_wconf 93' lang='lat' dir='ltr'><strong>hoc</strong></span> <span class='ocrx_word' id='word_1_107' title='bbox 255 1292 320 1337; x_wconf 91' lang='lat' dir='ltr'><strong>esse</strong></span> <span class='ocrx_word' id='word_1_108' title='bbox 342 1274 515 1353; x_wconf 84' lang='lat' dir='ltr'><strong>proprium,</strong></span> <span class='ocrx_word' id='word_1_109' title='bbox 543 1282 573 1335; x_wconf 88' lang='lat' dir='ltr'><strong>ut</strong></span> <span class='ocrx_word' id='word_1_110' title='bbox 599 1293 666 1336; x_wconf 87' lang='lat' dir='ltr'><strong>cum</strong></span> <span class='ocrx_word' id='word_1_111' title='bbox 686 1276 781 1337; x_wconf 88' lang='lat' dir='ltr'><strong>altero</strong></span> <span class='ocrx_word' id='word_1_112' title='bbox 803 1282 929 1335; x_wconf 88' lang='lat' dir='ltr'><strong>aetatem</strong></span> <span class='ocrx_word' id='word_1_113' title='bbox 952 1273 1065 1352; x_wconf 79' lang='lat' dir='ltr'><strong>degere</strong></span> <span class='ocrx_word' id='word_1_114' title='bbox 1087 1272 1173 1335; x_wconf 76' lang='lat' dir='ltr'><strong>uelit.</strong></span> <span class='ocrx_word' id='word_1_115' title='bbox 1215 1270 1287 1332; x_wconf 88' lang='lat' dir='ltr'><strong>Nam-</strong></span> 
     </span>
     <span class='ocr_line' id='line_1_13' title="bbox 178 1330 1311 1475; baseline -0.002 -53"><span class='ocrx_word' id='word_1_116' title='bbox 178 1381 235 1442; x_wconf 92' lang='lat' dir='ltr'><strong>quc</strong></span> <span class='ocrx_word' id='word_1_117' title='bbox 258 1369 288 1422; x_wconf 89' lang='lat' dir='ltr'><strong>et</strong></span> <span class='ocrx_word' id='word_1_118' title='bbox 311 1361 422 1422; x_wconf 77' lang='lat' dir='ltr'><strong>auricus</strong></span> <span class='ocrx_word' id='word_1_119' title='bbox 448 1362 603 1441; x_wconf 81' lang='lat' dir='ltr'><strong>superior,</strong></span> <span class='ocrx_word' id='word_1_120' title='bbox 635 1371 665 1423; x_wconf 90' lang='lat' dir='ltr'><strong>et</strong></span> <span class='ocrx_word' id='word_1_121' title='bbox 692 1363 759 1434; x_wconf 89' lang='lat' dir='ltr'><strong>ille,</strong></span> <span class='ocrx_word' id='word_1_122' title='bbox 790 1361 840 1441; x_wconf 91' lang='lat' dir='ltr'><strong>qui</strong></span> <span class='ocrx_word' id='word_1_123' title='bbox 867 1362 946 1423; x_wconf 87' lang='lat' dir='ltr'><strong>bene</strong></span> <span class='ocrx_word' id='word_1_124' title='bbox 971 1360 1010 1421; x_wconf 88' lang='lat' dir='ltr'><strong>de</strong></span> <span class='ocrx_word' id='word_1_125' title='bbox 1032 1360 1136 1421; x_wconf 88' lang='lat' dir='ltr'><strong>altero</strong></span> <span class='ocrx_word' id='word_1_126' title='bbox 1159 1330 1311 1475; x_wconf 61' lang='lat' dir='ltr'><strong>meretoc(</strong></span> 
     </span>
     <span class='ocr_line' id='line_1_14' title="bbox 175 1447 1285 1530; baseline -0.002 -21"><span class='ocrx_word' id='word_1_127' title='bbox 175 1449 263 1509; x_wconf 77' lang='lat' dir='ltr'><strong>vitam</strong></span> <span class='ocrx_word' id='word_1_128' title='bbox 289 1456 319 1509; x_wconf 89' lang='lat' dir='ltr'><strong>et</strong></span> <span class='ocrx_word' id='word_1_129' title='bbox 341 1449 510 1510; x_wconf 74' lang='lat' dir='ltr'><strong>felicitatem</strong></span> <span class='ocrx_word' id='word_1_130' title='bbox 530 1449 588 1522; x_wconf 90' lang='lat' dir='ltr'><strong>illi,</strong></span> <span class='ocrx_word' id='word_1_131' title='bbox 620 1468 709 1529; x_wconf 90' lang='lat' dir='ltr'><strong>quem</strong></span> <span class='ocrx_word' id='word_1_132' title='bbox 729 1458 877 1530; x_wconf 79' lang='lat' dir='ltr'><strong>tamquam</strong></span> <span class='ocrx_word' id='word_1_133' title='bbox 900 1467 976 1528; x_wconf 87' lang='lat' dir='ltr'><strong>opus</strong></span> <span class='ocrx_word' id='word_1_134' title='bbox 1004 1466 1100 1509; x_wconf 87' lang='lat' dir='ltr'><strong>suum</strong></span> <span class='ocrx_word' id='word_1_135' title='bbox 1120 1447 1285 1515; x_wconf 80' lang='lat' dir='ltr'><strong>considerat</strong></span> 
     </span>
     <span class='ocr_line' id='line_1_15' title="bbox 176 1518 1309 1621; baseline -0.003 -24"><span class='ocrx_word' id='word_1_136' title='bbox 176 1554 242 1598; x_wconf 86' lang='lat' dir='ltr'><strong>esse</strong></span> <span class='ocrx_word' id='word_1_137' title='bbox 256 1536 355 1615; x_wconf 85' lang='lat' dir='ltr'><strong>cupit:</strong></span> <span class='ocrx_word' id='word_1_138' title='bbox 377 1545 407 1598; x_wconf 86' lang='lat' dir='ltr'><strong>et</strong></span> <span class='ocrx_word' id='word_1_139' title='bbox 421 1537 499 1609; x_wconf 88' lang='lat' dir='ltr'><strong>huic,</strong></span> <span class='ocrx_word' id='word_1_140' title='bbox 523 1538 572 1616; x_wconf 88' lang='lat' dir='ltr'><strong>qui</strong></span> <span class='ocrx_word' id='word_1_141' title='bbox 592 1537 681 1598; x_wconf 82' lang='lat' dir='ltr'><strong>vitam</strong></span> <span class='ocrx_word' id='word_1_142' title='bbox 696 1537 784 1599; x_wconf 91' lang='lat' dir='ltr'><strong>nobis</strong></span> <span class='ocrx_word' id='word_1_143' title='bbox 800 1537 881 1598; x_wconf 87' lang='lat' dir='ltr'><strong>dedit</strong></span> <span class='ocrx_word' id='word_1_144' title='bbox 901 1534 1010 1616; x_wconf 89' lang='lat' dir='ltr'><strong>[patri],</strong></span> <span class='ocrx_word' id='word_1_145' title='bbox 1032 1534 1130 1597; x_wconf 78' lang='lat' dir='ltr'><strong>vitam</strong></span> <span class='ocrx_word' id='word_1_146' title='bbox 1147 1544 1250 1616; x_wconf 87' lang='lat' dir='ltr'><strong>optare</strong></span> <span class='ocrx_word' id='word_1_147' title='bbox 1265 1518 1309 1621; x_wconf 62' lang='lat' dir='ltr'><strong>eti</strong></span> 
     </span>
    </p>

    <p class='ocr_par' dir='ltr' id='par_1_4' title="bbox 131 1623 1311 2069">
     <span class='ocr_line' id='line_1_16' title="bbox 131 1623 1308 1694; baseline -0.001 -10"><span class='ocrx_word' id='word_1_148' title='bbox 131 1641 159 1684; x_wconf 80' lang='lat' dir='ltr'><strong>ao</strong></span> <span class='ocrx_word' id='word_1_149' title='bbox 178 1624 321 1685; x_wconf 85' lang='lat' dir='ltr'><strong>beneficia</strong></span> <span class='ocrx_word' id='word_1_150' title='bbox 341 1625 527 1686; x_wconf 89' lang='lat' dir='ltr'><strong>remunerari</strong></span> <span class='ocrx_word' id='word_1_151' title='bbox 546 1625 706 1686; x_wconf 89' lang='lat' dir='ltr'><strong>debemus:</strong></span> <span class='ocrx_word' id='word_1_152' title='bbox 727 1625 781 1685; x_wconf 90' lang='lat' dir='ltr'><strong>sed</strong></span> <span class='ocrx_word' id='word_1_153' title='bbox 799 1631 831 1685; x_wconf 90' lang='lat' dir='ltr'><strong>ot</strong></span> <span class='ocrx_word' id='word_1_154' title='bbox 851 1630 976 1684; x_wconf 89' lang='lat' dir='ltr'><strong>aetatem</strong></span> <span class='ocrx_word' id='word_1_155' title='bbox 994 1640 1065 1683; x_wconf 88' lang='lat' dir='ltr'><strong>cum</strong></span> <span class='ocrx_word' id='word_1_156' title='bbox 1089 1623 1153 1683; x_wconf 88' lang='lat' dir='ltr'><strong>hoo</strong></span> <span class='ocrx_word' id='word_1_157' title='bbox 1168 1624 1243 1694; x_wconf 85' lang='lat' dir='ltr'><strong>solo,</strong></span> <span class='ocrx_word' id='word_1_158' title='bbox 1262 1641 1286 1682; x_wconf 90' lang='lat' dir='ltr'><strong>ac</strong></span> <span class='ocrx_word' id='word_1_159' title='bbox 1305 1624 1308 1635; x_wconf 90' lang='lat'>&#39;</span> 
     </span>
     <span class='ocr_line' id='line_1_17' title="bbox 176 1666 1308 1790; baseline -0.003 -17"><span class='ocrx_word' id='word_1_160' title='bbox 176 1712 237 1773; x_wconf 81' lang='lat' dir='ltr'><strong>non</strong></span> <span class='ocrx_word' id='word_1_161' title='bbox 260 1712 359 1790; x_wconf 92' lang='lat' dir='ltr'><strong>potius</strong></span> <span class='ocrx_word' id='word_1_162' title='bbox 381 1730 448 1773; x_wconf 89' lang='lat' dir='ltr'><strong>cum</strong></span> <span class='ocrx_word' id='word_1_163' title='bbox 467 1712 560 1773; x_wconf 88' lang='lat' dir='ltr'><strong>amico</strong></span> <span class='ocrx_word' id='word_1_164' title='bbox 584 1712 671 1774; x_wconf 86' lang='lat' dir='ltr'><strong>nobis</strong></span> <span class='ocrx_word' id='word_1_165' title='bbox 693 1712 825 1774; x_wconf 90' lang='lat' dir='ltr'><strong>iucundo</strong></span> <span class='ocrx_word' id='word_1_166' title='bbox 846 1712 1006 1789; x_wconf 87' lang='lat' dir='ltr'><strong>degamus,</strong></span> <span class='ocrx_word' id='word_1_167' title='bbox 1033 1728 1101 1771; x_wconf 90' lang='lat' dir='ltr'><strong>non</strong></span> <span class='ocrx_word' id='word_1_168' title='bbox 1127 1718 1175 1771; x_wconf 82' lang='lat' dir='ltr'><strong>est</strong></span> <span class='ocrx_word' id='word_1_169' title='bbox 1196 1666 1308 1790; x_wconf 57' lang='lat' dir='ltr'><strong>postu-i</strong></span> 
     </span>
     <span class='ocr_line' id='line_1_18' title="bbox 176 1794 1310 1921; baseline 0 -62"><span class='ocrx_word' id='word_1_170' title='bbox 176 1798 306 1860; x_wconf 90' lang='lat' dir='ltr'><strong>landum.</strong></span> <span class='ocrx_word' id='word_1_171' title='bbox 351 1800 410 1860; x_wconf 88' lang='lat' dir='ltr'><strong>Sed</strong></span> <span class='ocrx_word' id='word_1_172' title='bbox 433 1799 517 1861; x_wconf 91' lang='lat' dir='ltr'><strong>amici</strong></span> <span class='ocrx_word' id='word_1_173' title='bbox 541 1819 631 1880; x_wconf 88' lang='lat' dir='ltr'><strong>saepe</strong></span> <span class='ocrx_word' id='word_1_174' title='bbox 657 1799 758 1862; x_wconf 90' lang='lat' dir='ltr'><strong>iniusti</strong></span> <span class='ocrx_word' id='word_1_175' title='bbox 778 1806 864 1861; x_wconf 91' lang='lat' dir='ltr'><strong>sunt:</strong></span> <span class='ocrx_word' id='word_1_176' title='bbox 893 1816 961 1859; x_wconf 88' lang='lat' dir='ltr'><strong>nam</strong></span> <span class='ocrx_word' id='word_1_177' title='bbox 982 1816 1034 1858; x_wconf 83' lang='lat' dir='ltr'><strong>ree</strong></span> <span class='ocrx_word' id='word_1_178' title='bbox 1057 1797 1185 1877; x_wconf 86' lang='lat' dir='ltr'><strong>potius,</strong></span> <span class='ocrx_word' id='word_1_179' title='bbox 1213 1794 1310 1921; x_wconf 53' lang='lat' dir='ltr'><strong>quant</strong></span> 
     </span>
     <span class='ocr_line' id='line_1_19' title="bbox 176 1883 1286 1967; baseline -0.001 -22"><span class='ocrx_word' id='word_1_180' title='bbox 176 1905 253 1958; x_wconf 90' lang='lat' dir='ltr'><strong>eum,</strong></span> <span class='ocrx_word' id='word_1_181' title='bbox 273 1886 323 1965; x_wconf 91' lang='lat' dir='ltr'><strong>qui</strong></span> <span class='ocrx_word' id='word_1_182' title='bbox 341 1905 391 1948; x_wconf 88' lang='lat' dir='ltr'><strong>res</strong></span> <span class='ocrx_word' id='word_1_183' title='bbox 408 1886 552 1967; x_wconf 87' lang='lat' dir='ltr'><strong>possidet,</strong></span> <span class='ocrx_word' id='word_1_184' title='bbox 572 1895 680 1948; x_wconf 88' lang='lat' dir='ltr'><strong>amant.</strong></span> <span class='ocrx_word' id='word_1_185' title='bbox 711 1888 812 1960; x_wconf 86' lang='lat' dir='ltr'><strong>Quare</strong></span> <span class='ocrx_word' id='word_1_186' title='bbox 827 1887 915 1948; x_wconf 88' lang='lat' dir='ltr'><strong>etiam</strong></span> <span class='ocrx_word' id='word_1_187' title='bbox 932 1904 1035 1946; x_wconf 90' lang='lat' dir='ltr'><strong>rerum</strong></span> <span class='ocrx_word' id='word_1_188' title='bbox 1051 1883 1182 1963; x_wconf 87' lang='lat' dir='ltr'><strong>quidam</strong></span> <span class='ocrx_word' id='word_1_189' title='bbox 1197 1904 1286 1947; x_wconf 86' lang='lat' dir='ltr'><strong>revera</strong></span> 
     </span>
     <span class='ocr_line' id='line_1_20' title="bbox 176 1950 1311 2069; baseline -0.001 -36"><span class='ocrx_word' id='word_1_190' title='bbox 176 1973 261 2034; x_wconf 88' lang='lat' dir='ltr'><strong>amici</strong></span> <span class='ocrx_word' id='word_1_191' title='bbox 280 1982 366 2046; x_wconf 92' lang='lat' dir='ltr'><strong>sunt,</strong></span> <span class='ocrx_word' id='word_1_192' title='bbox 387 1974 514 2055; x_wconf 85' lang='lat' dir='ltr'><strong>exempli</strong></span> <span class='ocrx_word' id='word_1_193' title='bbox 537 1994 625 2036; x_wconf 88' lang='lat' dir='ltr'><strong>causa</strong></span> <span class='ocrx_word' id='word_1_194' title='bbox 647 1974 724 2047; x_wconf 84' lang='lat' dir='ltr'><strong>vini,</strong></span> <span class='ocrx_word' id='word_1_195' title='bbox 748 1974 773 2035; x_wconf 93' lang='lat' dir='ltr'><strong>si</strong></span> <span class='ocrx_word' id='word_1_196' title='bbox 797 1974 863 2053; x_wconf 85' lang='lat' dir='ltr'><strong>quis</strong></span> <span class='ocrx_word' id='word_1_197' title='bbox 885 1973 1004 2045; x_wconf 88' lang='lat' dir='ltr'><strong>vinum,</strong></span> <span class='ocrx_word' id='word_1_198' title='bbox 1033 1972 1106 2052; x_wconf 82' lang='lat' dir='ltr'><strong>quia</strong></span> <span class='ocrx_word' id='word_1_199' title='bbox 1130 1991 1223 2034; x_wconf 83' lang='lat' dir='ltr'><strong>suave</strong></span> <span class='ocrx_word' id='word_1_200' title='bbox 1244 1950 1311 2069; x_wconf 56' lang='lat' dir='ltr'><strong>esti</strong></span> 
     </span>
    </p>

    <p class='ocr_par' dir='ltr' id='par_1_5' title="bbox 81 2058 1311 2316">
     <span class='ocr_line' id='line_1_21' title="bbox 81 2058 1285 2143; baseline 0.001 -27"><span class='ocrx_word' id='word_1_201' title='bbox 81 2112 83 2116; x_wconf 81' lang='grc'>,</span> <span class='ocrx_word' id='word_1_202' title='bbox 176 2061 232 2121; x_wconf 90' lang='lat' dir='ltr'><strong>sibi</strong></span> <span class='ocrx_word' id='word_1_203' title='bbox 259 2062 489 2143; x_wconf 51' lang='lat' dir='ltr'><strong>expetnt-alius</strong></span> <span class='ocrx_word' id='word_1_204' title='bbox 510 2062 675 2123; x_wconf 86' lang='lat' dir='ltr'><strong>divitiarum</strong></span> <span class='ocrx_word' id='word_1_205' title='bbox 699 2062 812 2123; x_wconf 90' lang='lat' dir='ltr'><strong>amicas</strong></span> <span class='ocrx_word' id='word_1_206' title='bbox 836 2069 897 2133; x_wconf 85' lang='lat' dir='ltr'><strong>est,</strong></span> <span class='ocrx_word' id='word_1_207' title='bbox 925 2060 993 2139; x_wconf 89' lang='lat' dir='ltr'><strong>quia</strong></span> <span class='ocrx_word' id='word_1_208' title='bbox 1015 2058 1074 2120; x_wconf 90' lang='lat' dir='ltr'><strong>bae</strong></span> <span class='ocrx_word' id='word_1_209' title='bbox 1099 2068 1175 2121; x_wconf 88' lang='lat' dir='ltr'><strong>sunt</strong></span> <span class='ocrx_word' id='word_1_210' title='bbox 1196 2059 1285 2122; x_wconf 86' lang='lat' dir='ltr'><strong>utiles:</strong></span> 
     </span>
     <span class='ocr_line' id='line_1_22' title="bbox 177 2126 1311 2229; baseline -0.003 -20"><span class='ocrx_word' id='word_1_211' title='bbox 177 2166 244 2209; x_wconf 92' lang='lat' dir='ltr'><strong>nam</strong></span> <span class='ocrx_word' id='word_1_212' title='bbox 263 2148 332 2210; x_wconf 92' lang='lat' dir='ltr'><strong>huic</strong></span> <span class='ocrx_word' id='word_1_213' title='bbox 359 2149 476 2211; x_wconf 87' lang='lat' dir='ltr'><strong>divitiae</strong></span> <span class='ocrx_word' id='word_1_214' title='bbox 500 2149 639 2211; x_wconf 87' lang='lat' dir='ltr'><strong>videntur</strong></span> <span class='ocrx_word' id='word_1_215' title='bbox 666 2149 817 2223; x_wconf 88' lang='lat' dir='ltr'><strong>utiliores,</strong></span> <span class='ocrx_word' id='word_1_216' title='bbox 849 2167 936 2229; x_wconf 63' lang='lat' dir='ltr'><strong>pam</strong></span> <span class='ocrx_word' id='word_1_217' title='bbox 958 2147 1080 2220; x_wconf 85' lang='lat' dir='ltr'><strong>viuum,</strong></span> <span class='ocrx_word' id='word_1_218' title='bbox 1112 2148 1198 2227; x_wconf 86' lang='lat' dir='ltr'><strong>quod</strong></span> <span class='ocrx_word' id='word_1_219' title='bbox 1226 2126 1311 2221; x_wconf 69' lang='lat' dir='ltr'><strong>alteri</strong></span> 
     </span>
     <span class='ocr_line' id='line_1_23' title="bbox 176 2234 1311 2316; baseline -0.001 -21"><span class='ocrx_word' id='word_1_220' title='bbox 176 2243 261 2297; x_wconf 87' lang='lat' dir='ltr'><strong>amat.</strong></span> <span class='ocrx_word' id='word_1_221' title='bbox 303 2237 404 2316; x_wconf 88' lang='lat' dir='ltr'><strong>ltaque</strong></span> <span class='ocrx_word' id='word_1_222' title='bbox 423 2257 483 2298; x_wconf 92' lang='lat' dir='ltr'><strong>non</strong></span> <span class='ocrx_word' id='word_1_223' title='bbox 507 2255 595 2315; x_wconf 88' lang='lat' dir='ltr'><strong>aegre</strong></span> <span class='ocrx_word' id='word_1_224' title='bbox 614 2237 770 2298; x_wconf 79' lang='lat' dir='ltr'><strong>terendum</strong></span> <span class='ocrx_word' id='word_1_225' title='bbox 793 2244 853 2310; x_wconf 89' lang='lat' dir='ltr'><strong>est,</strong></span> <span class='ocrx_word' id='word_1_226' title='bbox 883 2235 963 2316; x_wconf 89' lang='lat' dir='ltr'><strong>quod</strong></span> <span class='ocrx_word' id='word_1_227' title='bbox 982 2234 1049 2295; x_wconf 80' lang='lat' dir='ltr'><strong>talis</strong></span> <span class='ocrx_word' id='word_1_228' title='bbox 1071 2235 1170 2297; x_wconf 91' lang='lat' dir='ltr'><strong>bomo</strong></span> <span class='ocrx_word' id='word_1_229' title='bbox 1194 2235 1225 2296; x_wconf 94' lang='lat' dir='ltr'><strong>in</strong></span> <span class='ocrx_word' id='word_1_230' title='bbox 1246 2234 1286 2295; x_wconf 88' lang='lat' dir='ltr'><strong>eli·</strong></span> <span class='ocrx_word' id='word_1_231' title='bbox 1308 2272 1311 2283; x_wconf 89' lang='lat'>·</span> 
     </span>
    </p>

    <p class='ocr_par' dir='ltr' id='par_1_6' title="bbox 130 2320 1312 2664">
     <span class='ocr_line' id='line_1_24' title="bbox 130 2320 1312 2404; baseline 0 -22"><span class='ocrx_word' id='word_1_232' title='bbox 130 2335 159 2377; x_wconf 74' lang='lat'><strong>³⁵</strong></span> <span class='ocrx_word' id='word_1_233' title='bbox 178 2323 276 2401; x_wconf 87' lang='lat' dir='ltr'><strong>gendo</strong></span> <span class='ocrx_word' id='word_1_234' title='bbox 299 2323 338 2385; x_wconf 88' lang='lat' dir='ltr'><strong>ita</strong></span> <span class='ocrx_word' id='word_1_235' title='bbox 364 2326 440 2404; x_wconf 82' lang='lat' dir='ltr'><strong>agit,</strong></span> <span class='ocrx_word' id='word_1_236' title='bbox 471 2334 504 2386; x_wconf 95' lang='lat' dir='ltr'><strong>ut</strong></span> <span class='ocrx_word' id='word_1_237' title='bbox 533 2344 597 2386; x_wconf 87' lang='lat' dir='ltr'><strong>rem</strong></span> <span class='ocrx_word' id='word_1_238' title='bbox 620 2324 675 2385; x_wconf 84' lang='lat' dir='ltr'><strong>sibi</strong></span> <span class='ocrx_word' id='word_1_239' title='bbox 697 2325 845 2404; x_wconf 89' lang='lat' dir='ltr'><strong>potiorem</strong></span> <span class='ocrx_word' id='word_1_240' title='bbox 863 2324 907 2385; x_wconf 87' lang='lat' dir='ltr'><strong>rei</strong></span> <span class='ocrx_word' id='word_1_241' title='bbox 936 2322 992 2384; x_wconf 91' lang='lat' dir='ltr'><strong>sibi</strong></span> <span class='ocrx_word' id='word_1_242' title='bbox 1011 2321 1111 2383; x_wconf 84' lang='lat' dir='ltr'><strong>viliori</strong></span> <span class='ocrx_word' id='word_1_243' title='bbox 1140 2320 1312 2404; x_wconf 77' lang='lat' dir='ltr'><strong>praeierat!</strong></span> 
     </span>
     <span class='ocr_line' id='line_1_25' title="bbox 178 2390 1312 2492; baseline 0 -23"><span class='ocrx_word' id='word_1_244' title='bbox 178 2410 264 2483; x_wconf 83' lang='lat' dir='ltr'><strong>Quod</strong></span> <span class='ocrx_word' id='word_1_245' title='bbox 287 2411 337 2489; x_wconf 91' lang='lat' dir='ltr'><strong>qui</strong></span> <span class='ocrx_word' id='word_1_246' title='bbox 359 2431 419 2473; x_wconf 89' lang='lat' dir='ltr'><strong>non</strong></span> <span class='ocrx_word' id='word_1_247' title='bbox 442 2419 592 2492; x_wconf 88' lang='lat' dir='ltr'><strong>reputant,</strong></span> <span class='ocrx_word' id='word_1_248' title='bbox 610 2413 736 2473; x_wconf 83' lang='lat' dir='ltr'><strong>andrum</strong></span> <span class='ocrx_word' id='word_1_249' title='bbox 759 2411 1000 2492; x_wconf 88' lang='lat' dir='ltr'><strong>reprehendunt:</strong></span> <span class='ocrx_word' id='word_1_250' title='bbox 1025 2428 1111 2472; x_wconf 91' lang='lat' dir='ltr'><strong>nunc</strong></span> <span class='ocrx_word' id='word_1_251' title='bbox 1133 2411 1216 2472; x_wconf 87' lang='lat' dir='ltr'><strong>enim</strong></span> <span class='ocrx_word' id='word_1_252' title='bbox 1237 2410 1286 2487; x_wconf 75' lang='lat' dir='ltr'><strong>[br</strong></span> <span class='ocrx_word' id='word_1_253' title='bbox 1308 2390 1312 2425; x_wconf 79' lang='lat'><strong>¹</strong></span> 
     </span>
     <span class='ocr_line' id='line_1_26' title="bbox 177 2496 1286 2579; baseline 0 -22"><span class='ocrx_word' id='word_1_254' title='bbox 177 2503 254 2557; x_wconf 92' lang='lat' dir='ltr'><strong>mata</strong></span> <span class='ocrx_word' id='word_1_255' title='bbox 272 2496 329 2557; x_wconf 90' lang='lat' dir='ltr'><strong>iam</strong></span> <span class='ocrx_word' id='word_1_256' title='bbox 353 2499 489 2577; x_wconf 89' lang='lat' dir='ltr'><strong>amicitia]</strong></span> <span class='ocrx_word' id='word_1_257' title='bbox 508 2500 635 2561; x_wconf 88' lang='lat' dir='ltr'><strong>alterum</strong></span> <span class='ocrx_word' id='word_1_258' title='bbox 653 2500 779 2561; x_wconf 89' lang='lat' dir='ltr'><strong>amicum</strong></span> <span class='ocrx_word' id='word_1_259' title='bbox 797 2500 910 2561; x_wconf 89' lang='lat' dir='ltr'><strong>bonum</strong></span> <span class='ocrx_word' id='word_1_260' title='bbox 925 2516 992 2560; x_wconf 87' lang='lat' dir='ltr'><strong>esse</strong></span> <span class='ocrx_word' id='word_1_261' title='bbox 1014 2496 1134 2570; x_wconf 84' lang='lat' dir='ltr'><strong>velunt,</strong></span> <span class='ocrx_word' id='word_1_262' title='bbox 1158 2516 1249 2579; x_wconf 89' lang='lat' dir='ltr'><strong>quum</strong></span> <span class='ocrx_word' id='word_1_263' title='bbox 1263 2515 1286 2557; x_wconf 87' lang='lat' dir='ltr'><strong>se</strong></span> 
     </span>
     <span class='ocr_line' id='line_1_27' title="bbox 179 2583 1210 2664; baseline 0.003 -20"><span class='ocrx_word' id='word_1_264' title='bbox 179 2584 216 2645; x_wconf 90' lang='lat' dir='ltr'><strong>ad</strong></span> <span class='ocrx_word' id='word_1_265' title='bbox 239 2584 368 2645; x_wconf 89' lang='lat' dir='ltr'><strong>eundem</strong></span> <span class='ocrx_word' id='word_1_266' title='bbox 386 2594 471 2647; x_wconf 90' lang='lat' dir='ltr'><strong>antea</strong></span> <span class='ocrx_word' id='word_1_267' title='bbox 493 2588 582 2648; x_wconf 86' lang='lat' dir='ltr'><strong>ulad</strong></span> <span class='ocrx_word' id='word_1_268' title='bbox 601 2586 763 2648; x_wconf 88' lang='lat' dir='ltr'><strong>iucundum</strong></span> <span class='ocrx_word' id='word_1_269' title='bbox 786 2587 832 2647; x_wconf 79' lang='lat' dir='ltr'><strong>uel</strong></span> <span class='ocrx_word' id='word_1_270' title='bbox 855 2585 957 2646; x_wconf 90' lang='lat' dir='ltr'><strong>utilem</strong></span> <span class='ocrx_word' id='word_1_271' title='bbox 977 2583 1210 2664; x_wconf 75' lang='lat' dir='ltr'><strong>applicaverint.</strong></span> 
     </span>
    </p>

    <p class='ocr_par' dir='ltr' id='par_1_7' title="bbox 91 2671 1287 2753">
     <span class='ocr_line' id='line_1_28' title="bbox 91 2671 1287 2753; baseline -0.001 -22"><span class='ocrx_word' id='word_1_272' title='bbox 91 2671 177 2720; x_wconf 58' lang='grc' dir='ltr'><strong>ΗΜ-</strong></span> <span class='ocrx_word' id='word_1_273' title='bbox 267 2671 327 2732; x_wconf 90' lang='lat' dir='ltr'><strong>lam</strong></span> <span class='ocrx_word' id='word_1_274' title='bbox 357 2691 427 2733; x_wconf 89' lang='lat' dir='ltr'><strong>vero</strong></span> <span class='ocrx_word' id='word_1_275' title='bbox 452 2675 654 2753; x_wconf 84' lang='lat' dir='ltr'><strong>quaerendum</strong></span> <span class='ocrx_word' id='word_1_276' title='bbox 678 2683 738 2747; x_wconf 86' lang='lat' dir='ltr'><strong>est,</strong></span> <span class='ocrx_word' id='word_1_277' title='bbox 763 2672 895 2753; x_wconf 89' lang='lat' dir='ltr'><strong>quaesit</strong></span> <span class='ocrx_word' id='word_1_278' title='bbox 916 2672 991 2733; x_wconf 87' lang='lat' dir='ltr'><strong>ratio</strong></span> <span class='ocrx_word' id='word_1_279' title='bbox 1014 2671 1167 2734; x_wconf 88' lang='lat' dir='ltr'><strong>amicitiae</strong></span> <span class='ocrx_word' id='word_1_280' title='bbox 1191 2672 1287 2735; x_wconf 86' lang='lat' dir='ltr'><strong>eteius</strong></span> 
     </span>
    </p>

    <p class='ocr_par' dir='ltr' id='par_1_8' title="bbox 137 2723 1319 3189">
     <span class='ocr_line' id='line_1_29' title="bbox 137 2723 1316 2842; baseline -0.002 -23"><span class='ocrx_word' id='word_1_281' title='bbox 137 2723 272 2820; x_wconf 75' lang='lat' dir='ltr'><strong>¹²status</strong></span> <span class='ocrx_word' id='word_1_282' title='bbox 294 2759 378 2831; x_wconf 90' lang='lat' dir='ltr'><strong>vitae,</strong></span> <span class='ocrx_word' id='word_1_283' title='bbox 398 2760 428 2820; x_wconf 92' lang='lat' dir='ltr'><strong>in</strong></span> <span class='ocrx_word' id='word_1_284' title='bbox 451 2779 509 2840; x_wconf 95' lang='lat' dir='ltr'><strong>quo</strong></span> <span class='ocrx_word' id='word_1_285' title='bbox 533 2762 622 2823; x_wconf 93' lang='lat' dir='ltr'><strong>bomo</strong></span> <span class='ocrx_word' id='word_1_286' title='bbox 646 2780 678 2822; x_wconf 92' lang='lat' dir='ltr'><strong>se</strong></span> <span class='ocrx_word' id='word_1_287' title='bbox 700 2762 767 2842; x_wconf 92' lang='lat' dir='ltr'><strong>ipso</strong></span> <span class='ocrx_word' id='word_1_288' title='bbox 787 2768 945 2822; x_wconf 86' lang='lat' dir='ltr'><strong>contentus</strong></span> <span class='ocrx_word' id='word_1_289' title='bbox 964 2758 1046 2820; x_wconf 91' lang='lat' dir='ltr'><strong>nulla</strong></span> <span class='ocrx_word' id='word_1_290' title='bbox 1065 2759 1143 2821; x_wconf 82' lang='lat' dir='ltr'><strong>soris</strong></span> <span class='ocrx_word' id='word_1_291' title='bbox 1167 2758 1288 2822; x_wconf 89' lang='lat' dir='ltr'><strong>subsidia</strong></span> <span class='ocrx_word' id='word_1_292' title='bbox 1313 2814 1316 2841; x_wconf 31' lang='grc' dir='ltr'>ς</span> 
     </span>
     <span class='ocr_line' id='line_1_30' title="bbox 177 2845 1317 2955; baseline -0.002 -48"><span class='ocrx_word' id='word_1_293' title='bbox 177 2847 316 2927; x_wconf 82' lang='lat' dir='ltr'><strong>requirat</strong></span> <span class='ocrx_word' id='word_1_294' title='bbox 356 2846 429 2908; x_wconf 92' lang='lat' dir='ltr'><strong>Nam</strong></span> <span class='ocrx_word' id='word_1_295' title='bbox 449 2848 562 2909; x_wconf 88' lang='lat' dir='ltr'><strong>dubitet</strong></span> <span class='ocrx_word' id='word_1_296' title='bbox 581 2850 707 2910; x_wconf 85' lang='lat' dir='ltr'><strong>fortasse</strong></span> <span class='ocrx_word' id='word_1_297' title='bbox 730 2848 892 2928; x_wconf 87' lang='lat' dir='ltr'><strong>quispiam,</strong></span> <span class='ocrx_word' id='word_1_298' title='bbox 919 2866 957 2908; x_wconf 89' lang='lat' dir='ltr'><strong>an</strong></span> <span class='ocrx_word' id='word_1_299' title='bbox 977 2846 1021 2919; x_wconf 87' lang='lat' dir='ltr'><strong>ei,</strong></span> <span class='ocrx_word' id='word_1_300' title='bbox 1042 2847 1094 2925; x_wconf 90' lang='lat' dir='ltr'><strong>qui</strong></span> <span class='ocrx_word' id='word_1_301' title='bbox 1115 2864 1152 2909; x_wconf 81' lang='lat' dir='ltr'><strong>se</strong></span> <span class='ocrx_word' id='word_1_302' title='bbox 1172 2846 1240 2928; x_wconf 90' lang='lat' dir='ltr'><strong>ipso</strong></span> <span class='ocrx_word' id='word_1_303' title='bbox 1259 2845 1286 2905; x_wconf 87' lang='lat' dir='ltr'><strong>ad</strong></span> <span class='ocrx_word' id='word_1_304' title='bbox 1310 2862 1317 2955; x_wconf 69' lang='lat' dir='ltr'><strong>p</strong></span> 
     </span>
     <span class='ocr_line' id='line_1_31' title="bbox 176 2933 1287 3014; baseline -0.001 -19"><span class='ocrx_word' id='word_1_305' title='bbox 176 2935 262 2996; x_wconf 89' lang='lat' dir='ltr'><strong>beate</strong></span> <span class='ocrx_word' id='word_1_306' title='bbox 286 2935 443 2996; x_wconf 84' lang='lat' dir='ltr'><strong>vivendum</strong></span> <span class='ocrx_word' id='word_1_307' title='bbox 467 2943 624 3001; x_wconf 83' lang='lat' dir='ltr'><strong>contentus</strong></span> <span class='ocrx_word' id='word_1_308' title='bbox 647 2936 703 3008; x_wconf 90' lang='lat' dir='ltr'><strong>sit,</strong></span> <span class='ocrx_word' id='word_1_309' title='bbox 734 2936 829 2996; x_wconf 90' lang='lat' dir='ltr'><strong>amico</strong></span> <span class='ocrx_word' id='word_1_310' title='bbox 852 2953 927 3014; x_wconf 92' lang='lat' dir='ltr'><strong>opus</strong></span> <span class='ocrx_word' id='word_1_311' title='bbox 948 2952 1014 2995; x_wconf 87' lang='lat' dir='ltr'><strong>esse</strong></span> <span class='ocrx_word' id='word_1_312' title='bbox 1034 2933 1186 2997; x_wconf 78' lang='lat' dir='ltr'><strong>videatur.</strong></span> <span class='ocrx_word' id='word_1_313' title='bbox 1227 2934 1287 2995; x_wconf 82' lang='lat' dir='ltr'><strong>Nan</strong></span> 
     </span>
     <span class='ocr_line' id='line_1_32' title="bbox 176 3016 1319 3102; baseline -0.002 -20"><span class='ocrx_word' id='word_1_314' title='bbox 176 3022 202 3082; x_wconf 90' lang='lat' dir='ltr'><strong>si</strong></span> <span class='ocrx_word' id='word_1_315' title='bbox 224 3030 350 3102; x_wconf 90' lang='lat' dir='ltr'><strong>propter</strong></span> <span class='ocrx_word' id='word_1_316' title='bbox 380 3023 611 3085; x_wconf 89' lang='lat' dir='ltr'><strong>imbecillitatem</strong></span> <span class='ocrx_word' id='word_1_317' title='bbox 637 3033 726 3102; x_wconf 88' lang='lat' dir='ltr'><strong>atque</strong></span> <span class='ocrx_word' id='word_1_318' title='bbox 751 3022 942 3100; x_wconf 78' lang='lat' dir='ltr'><strong>indigentiam</strong></span> <span class='ocrx_word' id='word_1_319' title='bbox 960 3021 1072 3082; x_wconf 78' lang='lat' dir='ltr'><strong>anricus</strong></span> <span class='ocrx_word' id='word_1_320' title='bbox 1099 3022 1288 3089; x_wconf 82' lang='lat' dir='ltr'><strong>desideratur,</strong></span> <span class='ocrx_word' id='word_1_321' title='bbox 1313 3016 1319 3093; x_wconf 82' lang='grc'>1</span> 
     </span>
     <span class='ocr_line' id='line_1_33' title="bbox 178 3106 1289 3189; baseline -0.003 -20"><span class='ocrx_word' id='word_1_322' title='bbox 178 3110 253 3170; x_wconf 84' lang='lat' dir='ltr'><strong>etsi</strong></span> <span class='ocrx_word' id='word_1_323' title='bbox 276 3111 440 3173; x_wconf 87' lang='lat' dir='ltr'><strong>virbonus</strong></span> <span class='ocrx_word' id='word_1_324' title='bbox 463 3111 543 3172; x_wconf 91' lang='lat' dir='ltr'><strong>nulla</strong></span> <span class='ocrx_word' id='word_1_325' title='bbox 565 3113 602 3173; x_wconf 91' lang='lat' dir='ltr'><strong>ad</strong></span> <span class='ocrx_word' id='word_1_326' title='bbox 625 3112 711 3172; x_wconf 90' lang='lat' dir='ltr'><strong>beate</strong></span> <span class='ocrx_word' id='word_1_327' title='bbox 734 3110 892 3171; x_wconf 83' lang='lat' dir='ltr'><strong>vivendum</strong></span> <span class='ocrx_word' id='word_1_328' title='bbox 915 3108 987 3170; x_wconf 87' lang='lat' dir='ltr'><strong>loris</strong></span> <span class='ocrx_word' id='word_1_329' title='bbox 1013 3108 1152 3169; x_wconf 84' lang='lat' dir='ltr'><strong>subsidia</strong></span> <span class='ocrx_word' id='word_1_330' title='bbox 1173 3106 1289 3189; x_wconf 86' lang='lat' dir='ltr'><strong>requirit</strong></span> 
     </span>
    </p>

    <p class='ocr_par' dir='ltr' id='par_1_9' title="bbox 144 3132 1323 3811">
     <span class='ocr_line' id='line_1_34' title="bbox 144 3132 1320 3275; baseline 0.003 -19"><span class='ocrx_word' id='word_1_331' title='bbox 144 3194 216 3273; x_wconf 77' lang='lat' dir='ltr'><strong>a(si</strong></span> <span class='ocrx_word' id='word_1_332' title='bbox 237 3197 356 3275; x_wconf 90' lang='lat' dir='ltr'><strong>quidem</strong></span> <span class='ocrx_word' id='word_1_333' title='bbox 383 3200 472 3259; x_wconf 93' lang='lat' dir='ltr'><strong>homo</strong></span> <span class='ocrx_word' id='word_1_334' title='bbox 497 3198 596 3260; x_wconf 87' lang='lat' dir='ltr'><strong>virtuti</strong></span> <span class='ocrx_word' id='word_1_335' title='bbox 619 3198 736 3262; x_wconf 85' lang='lat' dir='ltr'><strong>deditus</strong></span> <span class='ocrx_word' id='word_1_336' title='bbox 764 3198 869 3259; x_wconf 87' lang='lat' dir='ltr'><strong>beatus</strong></span> <span class='ocrx_word' id='word_1_337' title='bbox 891 3197 965 3275; x_wconf 89' lang='lat' dir='ltr'><strong>est),</strong></span> <span class='ocrx_word' id='word_1_338' title='bbox 989 3212 1043 3257; x_wconf 91' lang='lat' dir='ltr'><strong>cur</strong></span> <span class='ocrx_word' id='word_1_339' title='bbox 1064 3197 1194 3259; x_wconf 73' lang='lat' dir='ltr'><strong>undem</strong></span> <span class='ocrx_word' id='word_1_340' title='bbox 1217 3202 1289 3275; x_wconf 84' lang='lat' dir='ltr'><strong>egeat</strong></span> <span class='ocrx_word' id='word_1_341' title='bbox 1314 3132 1320 3259; x_wconf 66' lang='grc'>1</span> 
     </span>
     <span class='ocr_line' id='line_1_35' title="bbox 176 3281 1321 3401; baseline -0.001 -57"><span class='ocrx_word' id='word_1_342' title='bbox 176 3281 295 3344; x_wconf 77' lang='lat' dir='ltr'><strong>amico?</strong></span> <span class='ocrx_word' id='word_1_343' title='bbox 317 3285 434 3345; x_wconf 89' lang='lat' dir='ltr'><strong>Etenim</strong></span> <span class='ocrx_word' id='word_1_344' title='bbox 455 3286 504 3363; x_wconf 93' lang='lat' dir='ltr'><strong>qui</strong></span> <span class='ocrx_word' id='word_1_345' title='bbox 526 3285 623 3346; x_wconf 89' lang='lat' dir='ltr'><strong>omnia</strong></span> <span class='ocrx_word' id='word_1_346' title='bbox 645 3285 723 3346; x_wconf 89' lang='lat' dir='ltr'><strong>bona</strong></span> <span class='ocrx_word' id='word_1_347' title='bbox 740 3303 756 3344; x_wconf 87' lang='lat' dir='ltr'><strong>a</strong></span> <span class='ocrx_word' id='word_1_348' title='bbox 773 3284 887 3365; x_wconf 91' lang='lat' dir='ltr'><strong>seipse</strong></span> <span class='ocrx_word' id='word_1_349' title='bbox 907 3284 991 3364; x_wconf 88' lang='lat' dir='ltr'><strong>petit,</strong></span> <span class='ocrx_word' id='word_1_350' title='bbox 1013 3282 1039 3344; x_wconf 88' lang='lat' dir='ltr'><strong>is</strong></span> <span class='ocrx_word' id='word_1_351' title='bbox 1058 3300 1125 3344; x_wconf 93' lang='lat' dir='ltr'><strong>non</strong></span> <span class='ocrx_word' id='word_1_352' title='bbox 1150 3291 1221 3363; x_wconf 86' lang='lat' dir='ltr'><strong>eget</strong></span> <span class='ocrx_word' id='word_1_353' title='bbox 1236 3282 1289 3343; x_wconf 81' lang='lat' dir='ltr'><strong>alib</strong></span> <span class='ocrx_word' id='word_1_354' title='bbox 1316 3294 1321 3401; x_wconf 75' lang='grc'>1</span> 
     </span>
     <span class='ocr_line' id='line_1_36' title="bbox 177 3370 1289 3452; baseline -0.004 -20"><span class='ocrx_word' id='word_1_355' title='bbox 177 3379 227 3433; x_wconf 90' lang='lat' dir='ltr'><strong>aut</strong></span> <span class='ocrx_word' id='word_1_356' title='bbox 253 3372 393 3433; x_wconf 89' lang='lat' dir='ltr'><strong>utilitates</strong></span> <span class='ocrx_word' id='word_1_357' title='bbox 421 3372 594 3452; x_wconf 86' lang='lat' dir='ltr'><strong>parantibus</strong></span> <span class='ocrx_word' id='word_1_358' title='bbox 624 3379 674 3433; x_wconf 91' lang='lat' dir='ltr'><strong>aut</strong></span> <span class='ocrx_word' id='word_1_359' title='bbox 702 3373 780 3434; x_wconf 92' lang='lat' dir='ltr'><strong>benc</strong></span> <span class='ocrx_word' id='word_1_360' title='bbox 808 3390 843 3432; x_wconf 93' lang='lat' dir='ltr'><strong>ac</strong></span> <span class='ocrx_word' id='word_1_361' title='bbox 867 3371 996 3432; x_wconf 85' lang='lat' dir='ltr'><strong>fideliter</strong></span> <span class='ocrx_word' id='word_1_362' title='bbox 1018 3370 1222 3433; x_wconf 84' lang='lat' dir='ltr'><strong>suadentibus</strong></span> <span class='ocrx_word' id='word_1_363' title='bbox 1249 3377 1289 3430; x_wconf 88' lang='lat' dir='ltr'><strong>aut</strong></span> 
     </span>
     <span class='ocr_line' id='line_1_37' title="bbox 177 3457 1323 3565; baseline -0.003 -45"><span class='ocrx_word' id='word_1_364' title='bbox 177 3460 328 3522; x_wconf 86' lang='lat' dir='ltr'><strong>convictus</strong></span> <span class='ocrx_word' id='word_1_365' title='bbox 349 3459 562 3521; x_wconf 89' lang='lat' dir='ltr'><strong>iucunditatem</strong></span> <span class='ocrx_word' id='word_1_366' title='bbox 583 3460 789 3521; x_wconf 78' lang='lat' dir='ltr'><strong>afferentibus:</strong></span> <span class='ocrx_word' id='word_1_367' title='bbox 810 3477 879 3519; x_wconf 88' lang='lat' dir='ltr'><strong>nam</strong></span> <span class='ocrx_word' id='word_1_368' title='bbox 896 3458 946 3519; x_wconf 88' lang='lat' dir='ltr'><strong>tali</strong></span> <span class='ocrx_word' id='word_1_369' title='bbox 963 3457 1075 3519; x_wconf 89' lang='lat' dir='ltr'><strong>homini</strong></span> <span class='ocrx_word' id='word_1_370' title='bbox 1101 3474 1212 3521; x_wconf 79' lang='lat' dir='ltr'><strong>seeum</strong></span> <span class='ocrx_word' id='word_1_371' title='bbox 1234 3475 1289 3519; x_wconf 86' lang='lat' dir='ltr'><strong>esse</strong></span> <span class='ocrx_word' id='word_1_372' title='bbox 1318 3474 1323 3565; x_wconf 73' lang='lat' dir='ltr'><strong>p</strong></span> 
     </span>
     <span class='ocr_line' id='line_1_38' title="bbox 178 3544 1322 3633; baseline 0 -28"><span class='ocrx_word' id='word_1_373' title='bbox 178 3546 248 3605; x_wconf 85' lang='lat' dir='ltr'><strong>satis</strong></span> <span class='ocrx_word' id='word_1_374' title='bbox 271 3555 324 3607; x_wconf 87' lang='lat' dir='ltr'><strong>est.</strong></span> <span class='ocrx_word' id='word_1_375' title='bbox 369 3547 457 3619; x_wconf 83' lang='lat' dir='ltr'><strong>Quod</strong></span> <span class='ocrx_word' id='word_1_376' title='bbox 477 3548 597 3626; x_wconf 90' lang='lat' dir='ltr'><strong>quidem</strong></span> <span class='ocrx_word' id='word_1_377' title='bbox 617 3547 743 3608; x_wconf 87' lang='lat' dir='ltr'><strong>maxime</strong></span> <span class='ocrx_word' id='word_1_378' title='bbox 765 3546 958 3626; x_wconf 89' lang='lat' dir='ltr'><strong>perspicuum</strong></span> <span class='ocrx_word' id='word_1_379' title='bbox 983 3552 1028 3606; x_wconf 85' lang='lat' dir='ltr'><strong>est</strong></span> <span class='ocrx_word' id='word_1_380' title='bbox 1049 3544 1081 3605; x_wconf 91' lang='lat' dir='ltr'><strong>in</strong></span> <span class='ocrx_word' id='word_1_381' title='bbox 1103 3545 1183 3619; x_wconf 88' lang='lat' dir='ltr'><strong>deo,</strong></span> <span class='ocrx_word' id='word_1_382' title='bbox 1212 3562 1289 3627; x_wconf 89' lang='lat' dir='ltr'><strong>quen</strong></span> <span class='ocrx_word' id='word_1_383' title='bbox 1319 3620 1322 3633; x_wconf 32' lang='grc'>1</span> 
     </span>
     <span class='ocr_line' id='line_1_39' title="bbox 175 3631 1289 3714; baseline 0.005 -24"><span class='ocrx_word' id='word_1_384' title='bbox 175 3641 308 3709; x_wconf 81' lang='lat' dir='ltr'><strong>appanot,</strong></span> <span class='ocrx_word' id='word_1_385' title='bbox 328 3633 417 3694; x_wconf 84' lang='lat' dir='ltr'><strong>nullis</strong></span> <span class='ocrx_word' id='word_1_386' title='bbox 433 3634 523 3694; x_wconf 91' lang='lat' dir='ltr'><strong>rebus</strong></span> <span class='ocrx_word' id='word_1_387' title='bbox 540 3635 723 3695; x_wconf 85' lang='lat' dir='ltr'><strong>extrinsecus</strong></span> <span class='ocrx_word' id='word_1_388' title='bbox 740 3633 877 3714; x_wconf 87' lang='lat' dir='ltr'><strong>petendis</strong></span> <span class='ocrx_word' id='word_1_389' title='bbox 895 3639 1042 3711; x_wconf 87' lang='lat' dir='ltr'><strong>egentem,</strong></span> <span class='ocrx_word' id='word_1_390' title='bbox 1058 3648 1100 3693; x_wconf 89' lang='lat' dir='ltr'><strong>ne</strong></span> <span class='ocrx_word' id='word_1_391' title='bbox 1115 3633 1217 3696; x_wconf 83' lang='lat' dir='ltr'><strong>amico</strong></span> <span class='ocrx_word' id='word_1_392' title='bbox 1233 3631 1289 3714; x_wconf 84' lang='lat' dir='ltr'><strong>qui·</strong></span> 
     </span>
     <span class='ocr_line' id='line_1_40' title="bbox 178 3717 1323 3811; baseline 0 -34"><span class='ocrx_word' id='word_1_393' title='bbox 178 3717 244 3778; x_wconf 89' lang='lat' dir='ltr'><strong>dem</strong></span> <span class='ocrx_word' id='word_1_394' title='bbox 268 3736 373 3797; x_wconf 88' lang='lat' dir='ltr'><strong>egere,</strong></span> <span class='ocrx_word' id='word_1_395' title='bbox 396 3739 511 3798; x_wconf 89' lang='lat' dir='ltr'><strong>neque,</strong></span> <span class='ocrx_word' id='word_1_396' title='bbox 536 3722 561 3782; x_wconf 87' lang='lat' dir='ltr'><strong>si</strong></span> <span class='ocrx_word' id='word_1_397' title='bbox 579 3721 665 3793; x_wconf 88' lang='lat' dir='ltr'><strong>velit,</strong></span> <span class='ocrx_word' id='word_1_398' title='bbox 688 3740 791 3801; x_wconf 89' lang='lat' dir='ltr'><strong>parem</strong></span> <span class='ocrx_word' id='word_1_399' title='bbox 814 3720 869 3781; x_wconf 93' lang='lat' dir='ltr'><strong>sibi</strong></span> <span class='ocrx_word' id='word_1_400' title='bbox 892 3737 983 3799; x_wconf 84' lang='lat' dir='ltr'><strong>posse</strong></span> <span class='ocrx_word' id='word_1_401' title='bbox 998 3718 1150 3781; x_wconf 85' lang='lat' dir='ltr'><strong>invenire.</strong></span> <span class='ocrx_word' id='word_1_402' title='bbox 1195 3721 1290 3800; x_wconf 84' lang='lat' dir='ltr'><strong>ltaque</strong></span> <span class='ocrx_word' id='word_1_403' title='bbox 1319 3732 1323 3811; x_wconf 69' lang='lat' dir='ltr'><strong>p</strong></span> 
     </span>
    </p>

    <p class='ocr_par' dir='ltr' id='par_1_10' title="bbox 134 3804 1326 4324">
     <span class='ocr_line' id='line_1_41' title="bbox 134 3804 1323 3888; baseline 0.001 -26"><span class='ocrx_word' id='word_1_404' title='bbox 134 3820 158 3863; x_wconf 84' lang='lat' dir='ltr'><strong>ro</strong></span> <span class='ocrx_word' id='word_1_405' title='bbox 179 3805 266 3866; x_wconf 89' lang='lat' dir='ltr'><strong>etiam</strong></span> <span class='ocrx_word' id='word_1_406' title='bbox 285 3807 374 3867; x_wconf 91' lang='lat' dir='ltr'><strong>bomo</strong></span> <span class='ocrx_word' id='word_1_407' title='bbox 397 3826 456 3886; x_wconf 91' lang='lat' dir='ltr'><strong>quo</strong></span> <span class='ocrx_word' id='word_1_408' title='bbox 475 3817 521 3869; x_wconf 89' lang='lat' dir='ltr'><strong>est</strong></span> <span class='ocrx_word' id='word_1_409' title='bbox 540 3808 670 3881; x_wconf 89' lang='lat' dir='ltr'><strong>beatior,</strong></span> <span class='ocrx_word' id='word_1_410' title='bbox 696 3828 731 3869; x_wconf 91' lang='lat' dir='ltr'><strong>eo</strong></span> <span class='ocrx_word' id='word_1_411' title='bbox 754 3808 852 3869; x_wconf 92' lang='lat' dir='ltr'><strong>minus</strong></span> <span class='ocrx_word' id='word_1_412' title='bbox 876 3806 974 3885; x_wconf 84' lang='lat' dir='ltr'><strong>egebit</strong></span> <span class='ocrx_word' id='word_1_413' title='bbox 995 3804 1117 3879; x_wconf 86' lang='lat' dir='ltr'><strong>amicis,</strong></span> <span class='ocrx_word' id='word_1_414' title='bbox 1143 3806 1206 3869; x_wconf 81' lang='lat' dir='ltr'><strong>nisi</strong></span> <span class='ocrx_word' id='word_1_415' title='bbox 1228 3825 1291 3888; x_wconf 89' lang='lat' dir='ltr'><strong>qua·</strong></span> <span class='ocrx_word' id='word_1_416' title='bbox 1320 3856 1323 3863; x_wconf 94' lang='lat'><em>.</em></span> 
     </span>
     <span class='ocr_line' id='line_1_42' title="bbox 177 3894 1317 3975; baseline -0.001 -22"><span class='ocrx_word' id='word_1_417' title='bbox 177 3901 264 3954; x_wconf 90' lang='lat' dir='ltr'><strong>tenus</strong></span> <span class='ocrx_word' id='word_1_418' title='bbox 284 3912 387 3955; x_wconf 89' lang='lat' dir='ltr'><strong>omnes</strong></span> <span class='ocrx_word' id='word_1_419' title='bbox 406 3896 443 3955; x_wconf 91' lang='lat' dir='ltr'><strong>ad</strong></span> <span class='ocrx_word' id='word_1_420' title='bbox 465 3895 543 3956; x_wconf 88' lang='lat' dir='ltr'><strong>bene</strong></span> <span class='ocrx_word' id='word_1_421' title='bbox 564 3895 709 3975; x_wconf 86' lang='lat' dir='ltr'><strong>beateque</strong></span> <span class='ocrx_word' id='word_1_422' title='bbox 725 3894 884 3956; x_wconf 84' lang='lat' dir='ltr'><strong>vivendum</strong></span> <span class='ocrx_word' id='word_1_423' title='bbox 902 3912 976 3973; x_wconf 90' lang='lat' dir='ltr'><strong>opes</strong></span> <span class='ocrx_word' id='word_1_424' title='bbox 995 3910 1086 3955; x_wconf 84' lang='lat' dir='ltr'><strong>nemo</strong></span> <span class='ocrx_word' id='word_1_425' title='bbox 1105 3895 1250 3957; x_wconf 74' lang='lat' dir='ltr'><strong>humeln</strong></span> <span class='ocrx_word' id='word_1_426' title='bbox 1265 3911 1291 3954; x_wconf 85' lang='lat' dir='ltr'><strong>se</strong></span> <span class='ocrx_word' id='word_1_427' title='bbox 1313 3918 1317 3923; x_wconf 92' lang='lat'>·</span> 
     </span>
     <span class='ocr_line' id='line_1_43' title="bbox 176 3979 1322 4063; baseline 0.003 -23"><span class='ocrx_word' id='word_1_428' title='bbox 176 3979 242 4059; x_wconf 90' lang='lat' dir='ltr'><strong>ipso</strong></span> <span class='ocrx_word' id='word_1_429' title='bbox 266 3983 375 4044; x_wconf 88' lang='lat' dir='ltr'><strong>habere</strong></span> <span class='ocrx_word' id='word_1_430' title='bbox 394 3990 504 4063; x_wconf 83' lang='lat' dir='ltr'><strong>potest</strong></span> <span class='ocrx_word' id='word_1_431' title='bbox 548 3983 676 4043; x_wconf 87' lang='lat' dir='ltr'><strong>Necesse</strong></span> <span class='ocrx_word' id='word_1_432' title='bbox 694 3990 739 4043; x_wconf 89' lang='lat' dir='ltr'><strong>est</strong></span> <span class='ocrx_word' id='word_1_433' title='bbox 756 3982 847 4062; x_wconf 88' lang='lat' dir='ltr'><strong>igitur</strong></span> <span class='ocrx_word' id='word_1_434' title='bbox 868 4000 955 4060; x_wconf 92' lang='lat' dir='ltr'><strong>quam</strong></span> <span class='ocrx_word' id='word_1_435' title='bbox 970 3980 1172 4061; x_wconf 81' lang='lat' dir='ltr'><strong>paucissimos</strong></span> <span class='ocrx_word' id='word_1_436' title='bbox 1188 3981 1290 4045; x_wconf 78' lang='lat' dir='ltr'><strong>arnicas</strong></span> <span class='ocrx_word' id='word_1_437' title='bbox 1317 4048 1322 4059; x_wconf 74' lang='lat'><em>.</em></span> 
     </span>
     <span class='ocr_line' id='line_1_44' title="bbox 177 4067 1289 4149; baseline 0.003 -22"><span class='ocrx_word' id='word_1_438' title='bbox 177 4085 243 4128; x_wconf 87' lang='lat' dir='ltr'><strong>esse</strong></span> <span class='ocrx_word' id='word_1_439' title='bbox 266 4070 302 4141; x_wconf 90' lang='lat' dir='ltr'><strong>ei,</strong></span> <span class='ocrx_word' id='word_1_440' title='bbox 325 4070 374 4148; x_wconf 90' lang='lat' dir='ltr'><strong>qui</strong></span> <span class='ocrx_word' id='word_1_441' title='bbox 397 4071 480 4133; x_wconf 91' lang='lat' dir='ltr'><strong>sitin</strong></span> <span class='ocrx_word' id='word_1_442' title='bbox 497 4069 555 4130; x_wconf 89' lang='lat' dir='ltr'><strong>vita</strong></span> <span class='ocrx_word' id='word_1_443' title='bbox 576 4070 803 4149; x_wconf 67' lang='lat' dir='ltr'><strong>optimamque</strong></span> <span class='ocrx_word' id='word_1_444' title='bbox 824 4067 910 4130; x_wconf 89' lang='lat' dir='ltr'><strong>etiam</strong></span> <span class='ocrx_word' id='word_1_445' title='bbox 932 4070 1040 4129; x_wconf 90' lang='lat' dir='ltr'><strong>borum</strong></span> <span class='ocrx_word' id='word_1_446' title='bbox 1056 4068 1228 4133; x_wconf 82' lang='lat' dir='ltr'><strong>amicorum</strong></span> <span class='ocrx_word' id='word_1_447' title='bbox 1243 4088 1289 4131; x_wconf 85' lang='lat' dir='ltr'><strong>nu</strong></span> 
     </span>
     <span class='ocr_line' id='line_1_45' title="bbox 175 4154 1289 4238; baseline 0.004 -24"><span class='ocrx_word' id='word_1_448' title='bbox 175 4172 292 4215; x_wconf 90' lang='lat' dir='ltr'><strong>merum</strong></span> <span class='ocrx_word' id='word_1_449' title='bbox 313 4157 407 4219; x_wconf 90' lang='lat' dir='ltr'><strong>minui</strong></span> <span class='ocrx_word' id='word_1_450' title='bbox 428 4159 531 4237; x_wconf 89' lang='lat' dir='ltr'><strong>[quum</strong></span> <span class='ocrx_word' id='word_1_451' title='bbox 553 4158 618 4238; x_wconf 85' lang='lat' dir='ltr'><strong>ipse</strong></span> <span class='ocrx_word' id='word_1_452' title='bbox 634 4156 750 4217; x_wconf 88' lang='lat' dir='ltr'><strong>beatior</strong></span> <span class='ocrx_word' id='word_1_453' title='bbox 767 4156 837 4234; x_wconf 75' lang='lat' dir='ltr'><strong>datl,</strong></span> <span class='ocrx_word' id='word_1_454' title='bbox 858 4173 956 4234; x_wconf 89' lang='lat' dir='ltr'><strong>neque</strong></span> <span class='ocrx_word' id='word_1_455' title='bbox 976 4154 1076 4234; x_wconf 84' lang='lat' dir='ltr'><strong>ipsum</strong></span> <span class='ocrx_word' id='word_1_456' title='bbox 1094 4154 1289 4237; x_wconf 77' lang='lat' dir='ltr'><strong>adiungendis</strong></span> 
     </span>
     <span class='ocr_line' id='line_1_46' title="bbox 176 4222 1326 4324; baseline 0.01 -25"><span class='ocrx_word' id='word_1_457' title='bbox 176 4240 232 4300; x_wconf 92' lang='lat' dir='ltr'><strong>sibi</strong></span> <span class='ocrx_word' id='word_1_458' title='bbox 256 4242 357 4304; x_wconf 85' lang='lat' dir='ltr'><strong>amicis</strong></span> <span class='ocrx_word' id='word_1_459' title='bbox 385 4263 505 4324; x_wconf 91' lang='lat' dir='ltr'><strong>operam</strong></span> <span class='ocrx_word' id='word_1_460' title='bbox 533 4245 620 4315; x_wconf 88' lang='lat' dir='ltr'><strong>dare,</strong></span> <span class='ocrx_word' id='word_1_461' title='bbox 648 4262 751 4303; x_wconf 88' lang='lat' dir='ltr'><strong>verum</strong></span> <span class='ocrx_word' id='word_1_462' title='bbox 780 4242 932 4320; x_wconf 87' lang='lat' dir='ltr'><strong>negligere</strong></span> <span class='ocrx_word' id='word_1_463' title='bbox 954 4241 1083 4314; x_wconf 82' lang='lat' dir='ltr'><strong>amicos,</strong></span> <span class='ocrx_word' id='word_1_464' title='bbox 1111 4260 1179 4305; x_wconf 89' lang='lat' dir='ltr'><strong>non</strong></span> <span class='ocrx_word' id='word_1_465' title='bbox 1201 4244 1288 4307; x_wconf 82' lang='lat' dir='ltr'><strong>solun</strong></span> <span class='ocrx_word' id='word_1_466' title='bbox 1320 4222 1326 4311; x_wconf 65' lang='lat' dir='ltr'><strong>i</strong></span> 
     </span>
    </p>

    <p class='ocr_par' dir='ltr' id='par_1_11' title="bbox 133 4326 1328 4497">
     <span class='ocr_line' id='line_1_47' title="bbox 133 4326 1328 4461; baseline 0.003 -76"><span class='ocrx_word' id='word_1_467' title='bbox 133 4335 158 4379; x_wconf 78' lang='lat'><strong>1⁶</strong></span> <span class='ocrx_word' id='word_1_468' title='bbox 175 4326 272 4398; x_wconf 91' lang='lat' dir='ltr'><strong>utiles,</strong></span> <span class='ocrx_word' id='word_1_469' title='bbox 296 4330 348 4389; x_wconf 90' lang='lat' dir='ltr'><strong>sed</strong></span> <span class='ocrx_word' id='word_1_470' title='bbox 370 4348 422 4392; x_wconf 87' lang='lat' dir='ltr'><strong>eos</strong></span> <span class='ocrx_word' id='word_1_471' title='bbox 441 4350 569 4411; x_wconf 88' lang='lat' dir='ltr'><strong>quoque,</strong></span> <span class='ocrx_word' id='word_1_472' title='bbox 593 4330 642 4410; x_wconf 92' lang='lat' dir='ltr'><strong>qui</strong></span> <span class='ocrx_word' id='word_1_473' title='bbox 663 4330 723 4391; x_wconf 86' lang='lat' dir='ltr'><strong>sint</strong></span> <span class='ocrx_word' id='word_1_474' title='bbox 744 4330 780 4389; x_wconf 87' lang='lat' dir='ltr'><strong>ad</strong></span> <span class='ocrx_word' id='word_1_475' title='bbox 805 4329 973 4389; x_wconf 88' lang='lat' dir='ltr'><strong>convictum</strong></span> <span class='ocrx_word' id='word_1_476' title='bbox 988 4327 1091 4390; x_wconf 80' lang='lat' dir='ltr'><strong>idonei</strong></span> <span class='ocrx_word' id='word_1_477' title='bbox 1114 4338 1149 4392; x_wconf 87' lang='lat' dir='ltr'><strong>et</strong></span> <span class='ocrx_word' id='word_1_478' title='bbox 1168 4330 1288 4395; x_wconf 83' lang='lat' dir='ltr'><strong>maxima</strong></span> <span class='ocrx_word' id='word_1_479' title='bbox 1320 4326 1328 4461; x_wconf 65' lang='grc' dir='ltr'>ι</span> 
     </span>
     <span class='ocr_line' id='line_1_48' title="bbox 177 4414 1328 4497; baseline 0.008 -27"><span class='ocrx_word' id='word_1_480' title='bbox 177 4414 345 4491; x_wconf 80' lang='lat' dir='ltr'><strong>expetendi.</strong></span> <span class='ocrx_word' id='word_1_481' title='bbox 401 4417 437 4477; x_wconf 81' lang='lat' dir='ltr'><strong>At</strong></span> <span class='ocrx_word' id='word_1_482' title='bbox 469 4436 540 4478; x_wconf 87' lang='lat' dir='ltr'><strong>vero</strong></span> <span class='ocrx_word' id='word_1_483' title='bbox 570 4423 632 4477; x_wconf 90' lang='lat' dir='ltr'><strong>tum</strong></span> <span class='ocrx_word' id='word_1_484' title='bbox 660 4418 707 4478; x_wconf 89' lang='lat' dir='ltr'><strong>vel</strong></span> <span class='ocrx_word' id='word_1_485' title='bbox 737 4417 863 4479; x_wconf 83' lang='lat' dir='ltr'><strong>maxime</strong></span> <span class='ocrx_word' id='word_1_486' title='bbox 892 4416 995 4496; x_wconf 83' lang='lat' dir='ltr'><strong>[quum</strong></span> <span class='ocrx_word' id='word_1_487' title='bbox 1025 4414 1093 4497; x_wconf 72' lang='lat' dir='ltr'><strong>queis</strong></span> <span class='ocrx_word' id='word_1_488' title='bbox 1124 4416 1235 4483; x_wconf 74' lang='lat' dir='ltr'><strong>beatus</strong></span> <span class='ocrx_word' id='word_1_489' title='bbox 1267 4421 1289 4479; x_wconf 83' lang='lat' dir='ltr'><strong>et</strong></span> <span class='ocrx_word' id='word_1_490' title='bbox 1323 4464 1328 4489; x_wconf 59' lang='lat'>2</span> 
     </span>
    </p>
   </div>
   <div class='ocr_carea' id='block_1_3' title="bbox 0 0 1395 4836">
    <p class='ocr_par' dir='ltr' id='par_1_12' title="bbox 0 0 1395 4836">
     <span class='ocr_line' id='line_1_49' title="bbox 0 0 1395 4836; baseline 0 0"><span class='ocrx_word' id='word_1_491' title='bbox 0 0 1395 4836; x_wconf 95' lang='lat' dir='ltr'><strong> </strong></span> 
     </span>
    </p>
   </div>
  </div>
 </body>
</html>
