2776 4836
599 208 689 284 Vlli.
720 210 780 287 3.-
1205 210 1278 292 341

75 412 244 478 meatem,
275 392 528 480 καλοκαγαθίαν,
557 420 745 483 nequaquam
767 400 885 464 hahent.
930 403 1032 484 Neque
1055 403 1134 466 enim
1152 404 1187 466 iis
1208 405 1282 469 haec

164 493 276 563 insunt,
300 507 375 567 quae
397 488 532 550 absolute
554 490 681 551 honesta
698 496 784 551 sunt:
813 508 911 570 neque
933 490 1038 552 volunt
1055 491 1174 553 honesti
1192 500 1281 572 atque

130 578 252 641 ssimui
269 575 339 639 boni
362 594 445 647 esse,
468 584 557 656 atque
580 577 654 639 adeo
677 576 743 650 illa,
766 595 841 656 quae
864 581 969 639 natura
989 596 1051 640 non
1072 578 1202 651 bonerto,
1226 581 1280 642 sed

165 663 370 729 tantummodo
389 664 464 725 bono
483 671 569 737 sunt,
589 683 645 744 pro
666 663 792 726 honestis
812 665 931 726 habent.
968 663 1042 726 Nam
1061 664 1182 729 bonerto
1204 666 1280 729 iacta

163 763 249 827 sunt,
273 769 362 833 quum
387 768 437 823 ea,
461 770 587 829 quorum
610 771 696 813 causa
718 751 936 831 suscipiuntur,
959 751 1080 815 bonerto
1102 762 1189 828 sunt,
1213 755 1280 833 qnia

165 842 191 903 ei
213 839 343 910 homini,
375 838 424 918 qui
444 840 533 901 boreus
552 851 638 920 utque
657 839 747 901 simut
762 838 899 901 boreestus
917 849 978 913 est,
1003 858 1056 914 ea,
1079 859 1153 920 quae
1174 845 1279 903 natura

161 930 242 991 bona
264 934 352 998 sunt,
382 945 503 1006 semper
523 927 610 988 etiam
636 929 761 988 honesta
780 934 858 987 sunt.
909 927 974 1004 [Hic
997 926 1076 989 enirn
1100 928 1190 1002 nihil,
1222 929 1279 990 nisi

163 1017 243 1097 quod
266 1015 424 1076 honestum
449 1023 509 1087 est,
540 1015 684 1094 suscipitt.
729 1013 810 1075 Bene
834 1014 913 1075 enim
937 1022 1041 1077 auctor
1061 1015 1278 1096 epigrammatis

163 1104 237 1164 Delii
256 1101 468 1182 „peelcbrum“,
492 1101 596 1182 inquit,
616 1106 751 1174 „iustitie
768 1110 853 1163 est“:
875 1101 944 1163 huic
965 1104 1092 1163 honesto
1116 1104 1277 1176 autemid,

162 1191 242 1270 quod
267 1209 323 1269 pro
350 1189 442 1268 ipsius
464 1189 604 1267 dignitate
628 1190 654 1249 ei
679 1189 805 1249 debetur
829 1189 973 1250 debonis
996 1190 1279 1272 externis,tribui-

161 1287 225 1339 tur:
250 1277 356 1358 quibus
378 1277 463 1336 bouis
482 1276 611 1337 externis
631 1276 695 1337 talis
707 1277 803 1352 ¹bomo
819 1283 940 1356 praeter
960 1284 1075 1338 ceteros
1099 1278 1205 1356 dignus
1223 1286 1276 1340 est

160 1365 265 1427 Eidem
288 1365 396 1425 decora
419 1372 489 1425 sunt
507 1364 589 1437 talia,
620 1364 715 1442 qualia
734 1372 804 1424 sunt
825 1363 959 1437 divitiae,
989 1364 1107 1442 generis
1129 1363 1276 1441 nobilitare,

113 1464 143 1508 ¹0
162 1451 304 1535 potentia.
340 1452 442 1530 ltaque
463 1451 531 1511 huic
552 1451 665 1520 homini
680 1471 748 1512 vcra
767 1453 923 1512 honestate
944 1451 1080 1531 praedito
1098 1452 1172 1512 hacc
1187 1452 1277 1529 [bona

111 1571 115 1576 ·
162 1541 294 1617 externa]
326 1546 355 1599 et
377 1558 432 1618 per
461 1558 528 1600 sese
551 1539 630 1601 utilia
659 1548 688 1600 et
714 1540 840 1600 honesta
869 1547 955 1612 sunt,
993 1539 1063 1599 dum
1089 1538 1177 1617 vulgo
1204 1541 1277 1602 haec

161 1629 341 1707 discrepant.
384 1627 516 1705 Namque
542 1627 629 1704 vulgo
648 1626 710 1709 illa,
742 1645 816 1706 quac
840 1625 974 1687 absolute
996 1625 1075 1686 bona
1098 1635 1184 1699 sunt,
1214 1647 1276 1689 non

158 1724 229 1777 sunt
248 1715 336 1786 bona,
363 1713 433 1775 durn
457 1715 560 1775 eadem
580 1714 743 1775 virobono
763 1713 852 1788 bona,
875 1722 962 1794 atquc
982 1713 1045 1774 viro
1067 1713 1200 1792 perfecta
1220 1715 1277 1775 bo-

158 1809 274 1864 nestate
303 1801 438 1882 praedito
470 1801 544 1861 adeo
570 1803 695 1862 honesta
726 1809 804 1862 sunt.
857 1801 912 1864 Hic
932 1801 1010 1862 enim
1035 1801 1126 1861 multa
1150 1801 1275 1862 honeste

159 1892 235 1950 iacta
263 1887 300 1946 ob
330 1889 424 1966 ipsam
449 1888 636 1948 honestatem
662 1888 739 1948 solet
765 1889 863 1949 edere.
914 1888 1022 1948 Contra
1048 1887 1097 1967 qui
1120 1887 1274 1961 existimat,

110 1977 268 2036 redebere
296 1992 328 2033 se
358 1975 481 2038 honesta
511 1976 607 2035 iacere
639 1984 765 2054 propter
790 1976 870 2036 burra
893 1984 1031 2055 externa,
1062 1975 1187 2052 honesta
1207 1975 1276 2036 iacit

159 2083 214 2144 per
233 2061 380 2122 accidens.
432 2061 485 2120 Est
506 2061 594 2139 igitur
616 2062 709 2141 proba
733 2063 890 2135 irorrestaS,
921 2055 1153 2141 καλοκάγαθία,
1183 2062 1275 2124 virtus

167 2152 300 2211 rcriecta.

159 2172 168 2232 Ι
242 2237 336 2315 Atque
357 2234 442 2295 etiam
466 2235 502 2295 de
526 2236 676 2316 voluptate
698 2237 808 2297 dictum
832 2245 893 2310 est,
924 2237 1009 2314 quale
1030 2236 1143 2298 bonum
1165 2238 1219 2308 sit,
1244 2247 1274 2298 et

159 2324 325 2406 quomodo:
356 2331 386 2382 et
404 2322 605 2398 ostendimuS,
636 2323 770 2385 absolute
796 2324 923 2386 iucunda
945 2343 1010 2385 esse
1031 2325 1118 2386 etiam
1137 2326 1272 2398 honesta,

159 2422 188 2473 et
216 2410 350 2472 absolute
376 2409 455 2470 bona
487 2429 553 2472 esse
583 2411 669 2473 etiam
692 2411 829 2473 iucunda.
888 2411 948 2472 Sed
978 2411 1133 2493 voluptas,
1166 2413 1223 2474 uisi
1241 2414 1272 2474 in

110 2515 140 2558 ao
160 2500 291 2569 actione,
319 2497 399 2557 nulia
424 2505 478 2558 est.
527 2499 590 2571 Qua
622 2499 659 2559 de
677 2518 763 2559 causa
785 2500 874 2559 homo
897 2517 967 2559 vere
989 2499 1093 2561 beatus
1117 2499 1204 2562 etiam
1226 2500 1272 2562 iu-

161 2585 341 2648 cundissime
360 2586 446 2656 vivet,
462 2585 492 2645 id
510 2588 589 2665 quod
602 2587 738 2647 homines
754 2606 813 2647 non
824 2595 937 2646 temere
953 2589 1106 2666 postulare
1123 2588 1270 2650 videntur.

241 2672 301 2733 Sed
328 2681 361 2731 ut
386 2673 518 2733 medicus
547 2673 636 2734 babet
665 2693 789 2753 scopum
817 2674 981 2754 quendam,
1013 2675 1098 2737 cuius
1121 2684 1271 2756 respectu,

157 2761 226 2841 quid
254 2759 373 2839 corpori
403 2760 565 2832 conducat,
598 2760 754 2833 diiudicat,
787 2770 816 2822 et
845 2762 927 2822 cuius
947 2769 1087 2840 respectu
1110 2763 1272 2836 constituit,

157 2866 311 2929 quousque
342 2847 372 2907 in
392 2847 515 2925 singuiis
536 2848 702 2909 medicandi
724 2848 888 2908 actionibus
918 2849 1126 2926 progrediatur
1148 2856 1182 2909 ut
1205 2868 1272 2910 cor-

88 3003 93 3011 ,
157 2955 213 3016 pus
235 2953 339 2995 sanum
358 2934 454 3014 possit
476 2934 603 2995 reddere
625 2935 707 3013 (narn
724 2934 786 2995 sive
805 2935 873 3014 pius
896 2934 973 2994 iusto
993 2936 1056 2996 sive
1077 2934 1175 2996 minus
1194 2936 1271 2997 iusto

157 3023 194 3084 de
215 3021 362 3084 medicina
384 3029 506 3100 aegroto
525 3023 657 3093 dederit,
683 3040 788 3083 sanare
808 3040 868 3082 non
888 3017 1033 3102 poterit):
1054 3021 1094 3082 ita
1117 3021 1203 3082 etiam
1227 3023 1272 3084 vir

110 3125 139 3166 αἱ
158 3110 270 3190 probus
289 3109 319 3169 in
341 3109 506 3170 actionibus
533 3109 594 3171 suis
621 3118 651 3171 et
668 3109 698 3169 in
723 3109 758 3169 iis
788 3107 878 3170 rebus
898 3108 1044 3181 externis,
1068 3127 1143 3187 quae
1165 3111 1271 3171 natura

156 3198 251 3258 bonae
274 3196 405 3275 quidem,
428 3196 558 3257 sednon
580 3196 741 3257 laudabiles
759 3203 838 3267 sunt,
863 3195 1035 3275 expetendis
1054 3195 1165 3257 habere
1183 3196 1272 3258 debet

73 3296 292 3364 :asanscopunu
316 3285 351 3344 ad
372 3302 460 3363 quem
479 3285 683 3345 conformetur
701 3290 731 3344 et
752 3283 868 3344 habitus
889 3281 982 3363 ipsius
1004 3292 1034 3344 et
1053 3302 1086 3343 ea
1107 3283 1191 3356 ratio,
1213 3302 1270 3364 qua

154 3370 363 3432 abundantiam
385 3372 431 3432 vel
459 3371 614 3451 penuriam
637 3390 727 3450 opum
753 3378 872 3450 expetat
892 3371 939 3430 vel
956 3370 1056 3449 fugiat.
1101 3370 1198 3450 Supra
1215 3371 1270 3449 igi·

155 3468 203 3519 tur
223 3458 357 3531 diximus,
380 3459 457 3519 hanc
480 3477 614 3519 normam
635 3459 768 3538 pendere
790 3477 823 3518 ex
845 3477 890 3530 eo,
911 3457 990 3537 quod
1009 3457 1109 3518 iubeat
1132 3466 1161 3518 et
1181 3477 1270 3537 prae-

156 3545 247 3625 cipiat
269 3546 359 3609 rado:
385 3547 438 3607 sed
463 3547 521 3607 hoc
550 3545 676 3625 perinde
703 3554 749 3606 est
779 3564 813 3606 ac
841 3545 865 3605 si
893 3544 958 3623 quis
979 3544 1011 3605 in
1035 3544 1101 3605 cibo
1123 3546 1269 3606 sumendo

122 3646 136 3687 a
157 3633 234 3693 dicat
256 3633 366 3694 debere
389 3652 466 3704 eum,
486 3633 536 3712 qui
555 3633 652 3694 cibum
676 3640 781 3705 sumat,
804 3632 901 3693 cibum
924 3632 964 3692 ita
980 3651 1098 3693 sumere
1118 3639 1151 3693 ut
1169 3631 1271 3694 iubeat

154 3739 202 3782 ars
219 3719 332 3780 medica
354 3728 383 3779 et
405 3720 491 3781 huius
507 3720 599 3781 ratio:
623 3721 702 3799 quod
722 3739 824 3781 verum
848 3720 978 3799 quidem,
998 3719 1051 3781 sed
1071 3737 1133 3780 non
1157 3720 1269 3780 clarum

155 3827 189 3867 ac
212 3806 404 3885 perspicuum
428 3816 481 3868 est,
527 3807 628 3886 ltaque
655 3808 712 3868 hoc
735 3815 895 3868 teneamus.
940 3806 1034 3867 Debet
1051 3807 1141 3867 homo
1161 3806 1200 3866 ita
1225 3805 1268 3866 vi·

155 3913 242 3966 vere,
265 3902 298 3954 ut
317 3895 391 3965 hoc,
415 3895 494 3972 quod
517 3895 714 3974 principatum
733 3903 816 3966 tenet
836 3904 866 3955 et
888 3894 985 3974 ipsum
1005 3893 1097 3971 regit,
1127 3892 1268 3974 imperat:

155 3991 194 4052 et,
215 3982 293 4060 quod
316 3982 421 4041 attinet
442 3982 479 4041 ad
498 3981 639 4053 habitum,
662 3981 749 4042 vitam
772 3981 811 4041 ita
833 3980 988 4041 instituere
1012 3978 1109 4052 debet,
1130 3987 1163 4040 ut
1184 3976 1269 4040 babi-

155 4076 202 4129 tus
224 4068 317 4148 ipsius
340 4069 521 4147 respondeat
544 4068 680 4146 energiae
704 4068 828 4128 rectoris
847 4068 911 4138 sui,
930 4065 1181 4145 quemadmodum
1203 4085 1268 4127 ser-

155 4175 209 4216 vus
231 4155 301 4216 vivit
319 4156 355 4215 ad
379 4163 483 4216 nutum
503 4163 533 4215 et
551 4155 733 4216 voluntatem
755 4155 866 4217 domini
887 4153 942 4226 sui,
967 4163 996 4215 et
1018 4153 1267 4232 quemadmodum

154 4243 184 4304 in
208 4243 346 4304 omnibus
373 4242 475 4304 rebus¹
489 4242 535 4303 sui
559 4242 688 4322 quidque
707 4242 832 4304 rectoris
852 4240 1059 4322 gubernationi
1085 4240 1267 4320 obsequitur.

109 4343 136 4387 ao
155 4330 302 4404 Quoniam
324 4338 421 4391 autern
442 4330 528 4391 etiam
546 4330 636 4391 borno
661 4338 829 4392 constater
847 4329 959 4391 duabus
978 4328 1121 4410 partibus,
1143 4347 1268 4409 quarum

155 4419 248 4481 altera
265 4418 438 4498 imperantis
457 4418 503 4479 vei
523 4418 648 4480 rectoris
664 4416 727 4479 vice
747 4418 888 4498 iungitur,
908 4417 1004 4484 attera
1020 4417 1165 4481 mandatis
1180 4417 1267 4480 buius
