2776 4836
1181 198 1272 297 suxi

69 391 223 454 tribuitur:
254 390 353 451 Strato
373 387 611 469 Lampsacenus,
642 391 688 452 cui
710 389 825 470 Physioi
842 408 953 454 nomen
974 411 1037 454 non
1058 403 1172 473 temere
1192 394 1271 473 indi·

68 486 142 551 tum,
163 479 201 540 de
218 476 319 556 genitu
342 475 520 549 animalium,
540 476 577 537 de
599 476 688 550 coitu,
712 477 749 538 de
768 477 841 551 visu,
858 478 896 539 de
914 479 1037 554 morbis,
1057 479 1112 542 alia
1127 481 1158 542 id
1176 500 1271 562 genus

68 564 182 645 scripta
205 562 325 644 reliquit
334 558 397 644 51);
418 562 553 624 similiter
567 562 667 644 Lycon
684 564 721 624 de
739 563 841 642 genitu
856 565 1025 628 animalium
1041 567 1202 647 scripserat
1212 565 1271 648 61)ε

68 651 263 713 Erasistratus
284 659 384 711 autem
403 648 566 731 discipulus
588 649 642 710 tuit
652 650 824 723 Metrodori,
848 650 910 712 eius
933 654 986 733 qui
995 652 1161 716 Aristotelis
1180 655 1271 719 liliam

67 738 201 819 Pythiam
215 737 247 799 in
265 735 486 811 matrimonium
502 731 686 816 duxerat⁶¹).
706 771 750 781 -
768 737 828 798 Sed
848 757 990 818 quorsum
1009 738 1064 802 ista
1079 737 1271 819 interrogas?

70 861 110 873 -
127 824 247 896 Audies,
268 823 383 904 inquis:
402 824 536 885 nondum
553 823 632 886 enim
649 823 781 885 omnium
801 823 915 886 dierum
933 826 978 886 sol
995 826 1112 888 occidit.
1144 828 1269 900 Quando

68 912 160 992 igitur
181 910 252 986 vixit
273 910 423 973 Eudemus
450 911 501 972 ille
522 907 730 972 anatomicus?
753 942 795 956 -·
822 912 1019 991 Respondeo:
1046 914 1076 975 iu
1098 914 1270 976 universum

69 999 178 1060 eodem
204 998 267 1059 lere
291 1005 446 1077 tempore,
473 1017 532 1077 quo
551 997 701 1059 Eudemus
717 996 859 1059 Rhodius.
902 999 975 1060 Nam
994 1000 1145 1062 Eudemus
1167 1008 1271 1062 anato-

68 1085 164 1146 mieus
192 1084 309 1163 vigebat
338 1091 487 1162 regnante
509 1084 680 1146 Ptolemaeo
706 1085 719 1145 l
748 1084 819 1163 Lagi
830 1080 888 1164 62);
917 1104 975 1164 quo
1003 1095 1137 1166 tempore
1162 1087 1270 1150 vixisse

66 1172 166 1245 adhuc
186 1170 352 1249 Eudemum
374 1170 539 1245 Rhodium,
567 1171 679 1252 quippe
702 1172 751 1250 qui
773 1181 927 1252 superstes
947 1174 1036 1235 luerit
1055 1174 1206 1236 Aristoteli
1216 1169 1269 1255 6³),

67 1277 193 1321 necesse
209 1265 271 1319 est:
290 1257 441 1320 Eudemus
453 1266 552 1320 autem
564 1258 615 1319 ille
630 1258 813 1320 anatomicus
822 1259 952 1339 aequalis
968 1260 1023 1322 luit
1032 1261 1198 1323 Erasistrati
1209 1257 1269 1342 ⁵²):

66 1345 262 1408 Erasistratus
283 1351 391 1419 autem,
413 1344 444 1406 id
467 1346 547 1425 quod
566 1351 691 1418 constat,
715 1345 845 1424 aequalis
865 1345 922 1408 luit
941 1347 1137 1427 Theophrasti
1147 1344 1205 1429 ⁶⁴):
1225 1356 1270 1430 at&

67 1432 119 1514 qui
141 1431 381 1512 Theophrastum
401 1440 431 1493 et
451 1431 618 1495 Eudemum
636 1431 784 1494 Rhodium
807 1433 946 1511 aequales
965 1434 1056 1514 fuisse
1075 1454 1111 1496 ex
1129 1435 1175 1497 his
1194 1454 1270 1514 quae

66 1518 85 1602 §
107 1515 123 1580 l
144 1526 207 1582 not.
227 1513 244 1578 1
270 1526 300 1580 et
319 1516 337 1600 ᾗ
357 1513 378 1579 6
397 1525 459 1581 not
482 1515 525 1580 39
551 1518 686 1593 diximus,
710 1520 899 1582 manifestum
915 1528 975 1582 est:
996 1540 1067 1601 ergo
1086 1522 1222 1601 aequales
1237 1521 1269 1582 iu

66 1607 239 1669 universum
263 1606 363 1676 dicere
390 1613 476 1685 potes
498 1606 664 1667 Eudemum
686 1605 834 1669 Rhodium
859 1614 889 1669 et
906 1608 1072 1671 Eudemum
1093 1608 1177 1670 illum
1198 1626 1269 1669 ana-

66 1693 280 1755 1000100100.-
299 1693 395 1754 lnstas
414 1701 441 1752 et
460 1712 578 1772 urgueS,
601 1693 642 1753 mi
662 1695 772 1754 lector:
794 1693 844 1756 ubi
866 1694 936 1755 vixit
950 1695 1100 1756 Eudemus
1113 1689 1270 1755 Rhodius?

65 1779 118 1843 ubi
140 1778 211 1841 vixit
232 1779 384 1841 Eudemus
402 1779 452 1840 ille
474 1777 683 1842 anatomicus?
718 1780 924 1841 Anatomicum
949 1781 1114 1841 Eudemum
1143 1780 1269 1854 Alexan-

66 1867 149 1929 driae
171 1865 279 1928 vixisse
302 1866 425 1946 opinor:
456 1866 544 1929 certis
567 1866 664 1928 verbis
686 1884 748 1927 non
771 1865 889 1928 invenio
912 1866 1109 1944 significatum
1119 1862 1177 1946 65);
1209 1866 1268 1930 Eu-

65 1954 173 2015 demus
195 1952 328 2015 Rhodius
356 1953 464 2034 quain
485 1955 561 2016 urbe
583 1952 687 2014 sedem
706 1970 806 2013 rerum
832 1970 961 2032 suarum
974 1953 1125 2025 habuerit,
1156 1953 1267 2015 nescio.

65 2039 235 2121 Aliquando
256 2047 338 2101 certe
354 2058 416 2102 non
438 2041 469 2102 in
493 2039 596 2102 eadem
619 2039 693 2100 urbe
712 2038 791 2111 vixit,
814 2039 843 2098 in
864 2058 920 2117 qua
937 2046 1008 2100 tunc
1029 2040 1155 2119 degebat
1169 2040 1268 2107 Theoe

64 2129 224 2208 phrastus:
250 2126 380 2206 alioquin
410 2145 472 2188 non
500 2125 631 2189 dedisset
658 2126 695 2186 ad
723 2143 790 2187 eum
813 2125 926 2203 litteras
936 2121 988 2205 ⁶⁶).
1011 2159 1051 2170 -
1084 2127 1160 2188 Num
1178 2127 1269 2204 igitur

65 2213 172 2275 eadem
193 2212 225 2275 iu
249 2213 325 2275 urbe
347 2214 447 2276 rivere
470 2213 581 2293 potuit,
610 2212 640 2273 in
664 2230 721 2290 qua
741 2211 810 2273 vixit
829 2211 979 2274 Eudemus
1000 2209 1268 2291 0001001001-

63 2299 180 2362 Potuit:
199 2299 254 2363 sed
278 2299 384 2363 uixerit
397 2318 503 2373 necne,
521 2299 632 2362 nescio.
652 2333 696 2343 -
719 2297 803 2360 Cuias
826 2299 880 2359 luit
896 2299 1046 2361 Eudemus
1061 2294 1268 2361 anatomicusi

66 2423 104 2432 -
125 2386 242 2448 Nescio.
278 2385 443 2449 indicatum
458 2404 605 2466 nusquam
623 2385 751 2465 reperio.
767 2419 809 2429 ——
829 2385 905 2446 Num
922 2386 1042 2464 cogitari
1060 2394 1159 2465 potest
1177 2386 1267 2447 luisse

64 2492 133 2536 eum
155 2467 330 2536 Rhodium?
345 2509 384 2520 —
409 2473 535 2553 Cogitari
554 2481 668 2553 potest:
689 2472 742 2532 sed
765 2472 854 2534 luerit
872 2491 977 2545 neone,
996 2473 1155 2533 000010-
1179 2472 1266 2545 Quid,

64 2579 157 2641 quum
181 2561 219 2623 de
239 2559 334 2641 patria
355 2560 479 2623 Eudemi
498 2554 665 2632 anatomici,
686 2577 777 2638 quum
795 2559 832 2621 de
853 2559 925 2619 sede
944 2558 1068 2621 Eudemi
1086 2559 1193 2620 Rhodii
1215 2577 1268 2620 su-

63 2665 148 2709 mere
166 2654 197 2708 et
219 2646 350 2726 cogitare
372 2656 402 2708 et
421 2647 582 2709 hallucinari
603 2645 715 2726 possim
736 2663 811 2725 quae
833 2644 937 2706 libeat:
969 2662 1058 2727 quum
1078 2645 1174 2707 studia
1192 2644 1267 2706 utri·

63 2753 161 2815 usque
180 2733 310 2795 bominis
331 2733 438 2796 similia
456 2741 538 2795 certe
560 2733 650 2794 luisse
673 2739 806 2793 constet:
829 2750 937 2810 quum,
960 2740 993 2793 ut
1013 2739 1058 2792 tot
1077 2731 1266 2811 Peripatetici

65 2820 235 2882 anatomiae
256 2838 378 2901 operam
400 2820 557 2893 dederunt,
579 2820 619 2881 ita
635 2818 779 2898 quaedam
798 2818 902 2879 saltem
922 2818 959 2880 de
976 2818 1173 2879 animantibus
1192 2817 1266 2878 scri-

63 2906 162 2988 pserit
189 2906 340 2969 Eudemus
368 2907 517 2969 Rhodius:
548 2925 640 2985 quum
669 2914 805 2984 tempora
837 2905 1014 2984 praesertim
1053 2905 1170 2983 egregie
1194 2923 1266 2965 oon·

62 3000 189 3073 gruant:
212 2993 283 3074 quid
303 2994 404 3074 igitur,
426 2993 452 3054 si
473 2994 554 3056 idem
575 2992 664 3054 luerit
682 2991 832 3051 Eudemus
847 2989 980 3051 Rhodius
1000 2997 1031 3052 et
1047 2989 1197 3051 Eudemus
1215 2990 1266 3051 ille

61 3074 275 3142 anatomicusi
299 3114 338 3130 -
368 3081 583 3161 Respondeant
606 3076 664 3138 alii.
707 3076 851 3154 Equidem
876 3073 949 3136 nihil
971 3077 1107 3136 baustum
1131 3094 1167 3136 ex
1189 3092 1265 3134 vano

62 3167 144 3240 volo,
164 3184 270 3228 verum
293 3167 394 3230 doceri
415 3169 452 3229 ab
470 3166 535 3228 aliis
553 3163 657 3243 gestio.

153 3248 188 3317 8.
219 3253 263 3316 De
290 3253 443 3316 Ethicis
469 3249 631 3315 Eudemi
653 3248 742 3310 etde
764 3246 959 3320 oonsilio,
991 3265 1048 3326 quo
1070 3245 1179 3325 scripta
1198 3246 1266 3327 phi·

61 3340 220 3423 losophica
243 3339 374 3403 edidisse
397 3340 541 3413 videatur,
564 3355 633 3400 mox
652 3333 876 3416 disputabimus.

502 3536 506 3544 '
602 3522 735 3595 Sutura.

149 3675 182 3745 P.
216 3679 396 3741 Fratrem
419 3677 581 3740 Eudemi
603 3676 747 3738 Rhodii
769 3675 860 3736 luisse
881 3673 1090 3747 Boethum,
1120 3681 1150 3735 et
1169 3639 1265 3735 ‘huiru

58 3766 206 3834 Boethi
232 3764 366 3827 lilium
395 3764 591 3826 Pasiclem
620 3761 809 3824 Rhodium
840 3761 919 3837 [non.
943 3760 1203 3839 Pasicrateru‚
1234 3765 1266 3819 ut

57 3850 204 3932 000111),
223 3852 274 3932 qui
295 3853 419 3914 confusa
439 3852 605 3912 relerentes
625 3865 784 3929 perperam
807 3846 931 3924 dicantl,
954 3846 1165 3926 philosophum
1182 3841 1265 3904 Peri-

55 4002 62 4008 ’
95 4040 143 4096 sot
164 4029 653 4101 videmos.heort.v,111‚tv,5⁹.
681 4030 817 4109 quaeue
837 4028 847 4079 ι
868 4043 893 4094 p.
914 4027 972 4080 tst.
1024 4089 1033 4141 Ι
1063 4091 1070 4141 Ι
1142 4092 1156 4141 5

58 4103 428 4242 spo‘ii‘iioi's'priigiiii.
447 4167 467 4218 1.
487 4181 512 4232 p.
532 4165 592 4218 sao.
716 4099 763 4228 iii
779 4096 848 4214 iiii:
860 4093 1044 4229 εἳᾞέἶῗιιῖ
1056 4127 1079 4207 ι.’
1093 4105 1122 4223 l
1138 4092 1200 4210 siis

94 4243 143 4306 11)
160 4240 228 4293 Vide
238 4238 375 4308 Spreagel.
387 4236 406 4286 1.
415 4236 433 4286 l.
449 4250 476 4302 p.
486 4235 545 4290 522.
564 4233 652 4285 Stabr.
716 4233 760 4296 bb)
778 4230 844 4282 Vide
864 4229 999 4310 superiora
1018 4230 1070 4275 not.
1089 4225 1131 4306 311.
1201 4299 1207 4312 .

57 4311 203 4368 Aristotel.
223 4307 244 4360 Ι.
265 4323 291 4374 p.
312 4305 372 4357 ttt.
716 4298 764 4367 17)
784 4297 901 4363 Exempli
921 4300 1006 4359 gratu
1021 4291 1140 4345 suarius
1158 4298 1264 4349 ,100010-

95 4380 144 4442 12)
164 4376 232 4430 vste
251 4370 388 4442 Sprengal.
410 4369 465 4425 1.1.
502 4370 588 4427 .h⁰9.
682 4368 727 4420 101.
756 4366 779 4416 11
804 4379 830 4431 p.
850 4364 915 4426 toa,
941 4361 984 4429 qul
1010 4363 1175 4416 rutarum
1197 4364 1265 4415 liho-

94 4448 142 4518 tt)
160 4443 229 4504 vito
249 4441 388 4514 superiora
410 4443 466 4493 001.
519 4445 547 4492 01
564 4437 653 4492 81010.
682 4435 751 4489 diam
774 4435 928 4505 fratreas
951 4430 1061 4488 1111110111
1084 4446 1130 4502 pro
1157 4447 1180 4486 u
1236 4447 1263 4486 00
