2776 4836
89 219 167 301 320
595 218 672 296 vll.
700 222 734 294 5.
761 219 796 294 d.
844 229 847 234 ’
1306 290 1310 297 .

92 412 345 481 moucalescunt,
374 409 404 471 in
435 409 566 472 medium
597 417 705 472 statum
736 409 929 491 perveniunt:
965 409 1016 490 qui
1044 415 1155 471 sutem
1182 407 1283 471 nimbo
1304 322 1332 489 ¹¹1

179 497 310 562 calefacti
327 504 414 568 sunt,
434 505 513 570 tum,
539 516 630 577 quum
652 495 880 576 refrigerantur:
909 515 944 558 ec
962 495 1105 559 similiter
1121 496 1155 559 in
1173 496 1292 577 reliquis·
1308 500 1313 559 l

178 587 230 650 Sin
248 585 333 648 aliter
354 585 396 655 lit,
417 602 538 664 semper
555 584 672 646 suntin
691 584 849 657 desiderio,
873 603 933 646 uon
957 584 987 645 in
1007 583 1126 646 medio.
1165 583 1225 646 Sed
1241 583 1283 654 ille,
1310 610 1314 639 ι

180 674 229 756 qui
252 674 282 735 in
304 679 382 735 statu
403 672 502 734 medio
526 680 571 732 est
591 671 646 749 [vir
671 672 795 750 bonus]·,
827 672 892 732 sine
915 671 1078 752 cupiditate
1104 671 1155 734 bis
1170 690 1173 695 ·
1186 671 1284 752 gaudet
1309 648 1315 717 Ι

179 781 254 842 quae
273 762 379 822 naturis
398 759 526 821 iucunda
549 767 634 820 sunt:
664 759 705 821 illi
725 778 795 820 vero
818 759 908 838 [mali]
929 759 974 821 bis
993 759 1153 839 gaudent,-
1171 759 1284 840 quaeab
1310 758 1316 869 p

177 849 277 912 babitu
296 846 422 908 naturali
445 847 614 908 abhorrent.

266 935 345 996 llaec
368 933 457 1012 igitur
481 933 597 1014 species
628 934 770 996 amicitiae
798 934 964 996 inanimatis
994 952 1121 1015 quoque
1149 922 1318 1031 competit}

92 1025 250 1089 secudum
270 1021 368 1103 ipsum
392 1040 494 1084 umere
519 1021 664 1100 contingit
682 1022 711 1084 in
733 1021 876 1083 animatis.
918 1024 1017 1097 Quare
1031 1030 1130 1097 suut,
1152 1022 1213 1103 qui
1231 1041 1287 1101 gau-
1315 1038 1317 1043 ·

179 1111 269 1172 deant
298 1108 505 1180 dissimilibus,
543 1109 669 1188 exempli
698 1128 785 1171 causa
814 1109 950 1172 bumiues
979 1108 1093 1171 austeri
1130 1106 1288 1172 bominibus

179 1196 347 1260 urbanis-et
364 1195 475 1268 facetis,
495 1195 652 1257 irritabiles
671 1197 775 1259 lentis:
798 1215 866 1258 nam
882 1197 913 1258 in
929 1197 1060 1259 medium
1080 1205 1193 1260 nnuma
1211 1216 1289 1278 opera

177 1285 392 1366 perducuntur.
446 1283 504 1344 Per
533 1283 670 1345 accidens
696 1283 803 1363 igitur,
831 1284 915 1345 sicuti
946 1284 1290 1358 demonstravimus,·et

177 1381 303 1454 propter
320 1373 433 1434 bonum
456 1371 603 1447 coutraria
625 1370 794 1450 sibiamioa
816 1379 894 1434 sunt.

146 1478 160 1520 u
266 1460 368 1540 ltaque
384 1466 457 1538 quot
474 1457 534 1521 sint
552 1458 668 1539 species
687 1458 839 1532 amicitiae,
863 1466 893 1521 et
912 1464 986 1539 quae
1008 1459 1213 1533 differentiae,
1237 1459 1290 1540 qui·
1316 1494 1320 1504 ·

177 1549 233 1612 bus
256 1547 463 1609 discernantur
480 1545 575 1617 amici,
594 1554 735 1619 amantes,
755 1545 851 1618 alneti,
875 1554 963 1627 atque
980 1545 1166 1627 itaquidem
1187 1553 1222 1610 ut
1237 1546 1291 1626 qui·
1313 1514 1320 1637 Ι

179 1636 246 1698 dam
276 1634 363 1696 etiam
392 1633 456 1695 sine
486 1652 587 1696 armore
617 1634 797 1714 praestando
827 1633 912 1696 amici
942 1633 998 1696 dici
1027 1635 1168 1716 possint,
1209 1653 1290 1715 expo·
1316 1650 1321 1658 ’

178 1741 300 1786 surmus.
621 1768 627 1783 .
1187 1752 1191 1759 ·

153 1805 175 1875 b
264 1808 323 1872 Sed
346 1827 451 1888 magna
470 1808 602 1888 quaestio
626 1817 680 1882 est,
703 1816 802 1871 utrum
821 1810 911 1871 bomo
934 1808 990 1870 sibi
1010 1807 1077 1891 ipse
1101 1809 1220 1872 amicum
1243 1808 1289 1871 dici

177 1898 282 1981 possit,
301 1916 406 1959 necne.
456 1897 529 1957 Nam
551 1903 637 1969 sunt,
667 1896 774 1977 quibus
796 1896 851 1958 sibi
881 1895 1005 1977 quisque
1032 1894 1167 1960 maxim0
1185 1897 1289 1960 amicus

133 1999 244 2048 messe
269 1984 420 2056 rideatur,
449 1984 557 2064 quique
579 1985 635 2045 hac
656 1991 774 2065 utentes
803 1983 906 2063 regula
937 1982 1095 2045 amicitiam
1122 2003 1196 2064 erga
1227 1984 1288 2045 alios
1314 1954 1321 2077 1

176 2073 347 2136 diiudicent
391 2072 450 2133 Sed
479 2071 504 2132 si
527 2071 672 2133 rationem
698 2069 957 2133 vitaecommunis
979 2078 1159 2146 eteorum,
1191 2072 1288 2152 quibu

178 2160 334 2222 amicitiam
363 2159 535 2232 definimus,
564 2158 726 2231 babemus,
754 2158 809 2220 alia
831 2158 901 2220 buio
924 2159 1089 2220 sententiae
1114 2176 1288 2241 repugnare.
1313 2122 1318 2227 Ι

177 2248 233 2309 alia
260 2247 288 2308 ei
314 2247 413 2308 lavere
442 2246 589 2307 videntur.
639 2245 691 2307 Est
710 2245 789 2307 enim
812 2246 886 2308 liaeo
904 2245 1044 2319 amicitia,
1073 2264 1169 2325 quam
1196 2266 1288 2309 secum

177 2335 243 2415 ipse
269 2335 359 2395 bomo
389 2333 475 2407 colit,
506 2333 725 2413 quodammodo
752 2352 786 2394 ex
814 2332 964 2411 analogia,
993 2331 1135 2394 sednon
1160 2329 1288 2396 absolute

171 2420 306 2484 amicitia.
343 2420 415 2481 Nam
436 2420 467 2482 in
487 2420 612 2492 duobus,
632 2429 662 2482 et
679 2420 797 2500 quidem
813 2419 843 2481 in
867 2420 1000 2493 diversis,
1022 2439 1129 2482 umore
1149 2429 1181 2483 et
1201 2425 1290 2484 amari

134 2522 159 2566 rs
179 2511 278 2571 locum
295 2507 393 2569 babet.
436 2510 535 2580 Quare
552 2507 603 2569 illo
626 2509 689 2568 lere
708 2508 797 2570 modo
815 2507 870 2569 sibi
885 2508 951 2588 ipse
969 2507 1074 2588 aliquis
1093 2507 1212 2572 amium
1231 2526 1288 2570 esse

179 2596 310 2668 dicatur,
344 2614 403 2673 quc
433 2594 558 2656 diximus
583 2594 734 2657 bominem
762 2595 996 2658 incontinentem
1025 2602 1056 2656 et
1086 2595 1287 2659 continentem

177 2681 285 2765 partim
305 2699 393 2759 agere
410 2682 576 2755 volentem,
601 2681 708 2762 partim
725 2701 812 2762 agere
834 2683 973 2756 invitum,
997 2700 1089 2762 quum
1102 2690 1214 2763 partes
1232 2683 1287 2745 aui-

178 2790 243 2833 mae
273 2770 351 2831 banc
378 2769 425 2830 vel
461 2769 540 2831 illam
574 2771 719 2832 rationem
750 2777 882 2831 mutuam
921 2769 1065 2832 habeantt
1103 2771 1287 2850 redeuntque

178 2859 284 2921 eodem
302 2857 366 2919 lere
388 2858 461 2919 boec
491 2856 606 2931 omnia,
640 2877 730 2938 quum
757 2858 942 2938 quaerimus,
967 2876 1038 2918 num
1061 2855 1131 2937 quis
1154 2858 1212 2921 sibi
1231 2858 1287 2939 ipse
1311 2860 1316 2969 p

179 2946 290 3009 amicus
312 2951 363 3006 aut
382 2943 518 3007 inimicus
537 2944 590 3019 sit,
617 2953 706 3026 atque
729 2964 819 3023 quum
843 2945 1028 3026 quaerimus,
1057 2962 1134 3007 uum
1151 2946 1222 3027 quis
1239 2943 1286 3006 sibi

178 3034 244 3115 ipse
268 3033 380 3094 inlorre
402 3032 497 3113 possit
518 3032 662 3094 iniuriam.
705 3032 778 3093 Nam
797 3033 871 3094 baec
891 3031 989 3093 omniu
1009 3031 1047 3093 in·
1064 3031 1188 3095 duobus
1208 3041 1287 3112 atque
1312 3012 1317 3105 Ι

133 3138 159 3181 eo
178 3122 209 3183 in
232 3120 355 3182 diversis
374 3139 431 3181 usu
447 3119 577 3181 veniunt.
620 3119 681 3180 lam
701 3127 845 3199 quatenus
868 3120 955 3180 etiem
971 3118 1068 3180 anima
1092 3119 1208 3200 duplex
1231 3138 1288 3182 esse
1313 3126 1318 3265 p

178 3216 307 3290 putatur,
330 3208 408 3268 inest
428 3206 646 3286 quodammodo
667 3206 698 3267 in
722 3207 825 3267 eadem
847 3207 943 3269 anima
961 3207 1035 3268 haec
1051 3204 1200 3269 amicitia:
1224 3225 1287 3289 qua-

177 3305 264 3358 tenus
283 3314 344 3356 non
364 3294 454 3356 babet
472 3302 572 3375 partes
592 3292 681 3373 plane
703 3300 863 3373 separatas,
885 3313 946 3356 nun
965 3293 1051 3354 inest.
1304 3290 1319 3405 4

261 3383 321 3445 Sed
342 3383 377 3444 ab
395 3381 444 3442 ille
463 3381 595 3454 ratione,
627 3399 683 3460 qua
707 3399 776 3460 erga
798 3400 831 3441 se
853 3381 952 3462 ipsum
970 3381 1059 3442 bomo
1079 3381 1207 3445 allectus
1229 3401 1286 3444 esse

179 3470 319 3542 creditur,
342 3467 448 3548 reliqui
470 3468 587 3530 amandi
609 3468 699 3540 modi,
723 3487 797 3549 quos
818 3467 848 3528 in
867 3468 1040 3547 quaestione
1062 3474 1170 3531 nostra
1188 3469 1286 3532 distin·
1316 3464 1320 3563 1

178 3557 283 3628 ximus,
302 3555 387 3636 petiti
410 3555 603 3629 etnominati
626 3563 704 3617 sunt.
750 3555 872 3617 Videtur
895 3555 972 3618 euim
992 3554 1105 3617 amicus
1125 3575 1212 3631 esse,
1243 3556 1285 3636 qui
1319 3602 1322 3607 s

178 3643 268 3721 alium
295 3643 442 3722 quendam
472 3642 558 3703 bunis
581 3650 631 3703 aut
656 3642 709 3716 iis,
737 3662 812 3723 quoe
834 3650 919 3722 putat
941 3662 1007 3705 esse
1028 3641 1126 3716 bona,
1152 3645 1286 3707 affectum
1317 3617 1322 3703 l

133 3746 160 3790 rs
180 3749 245 3792 esse
265 3731 355 3810 cupit,
377 3746 438 3789 nou
462 3747 524 3800 sua,
543 3730 596 3790 sed
618 3729 696 3790 illius
717 3730 817 3808 gratia.
853 3730 918 3791 Alio
941 3730 1031 3793 modo
1047 3729 1075 3795 is,
1091 3729 1207 3793 amicus
1226 3750 1287 3794 esse
1317 3726 1322 3799 l

177 3817 303 3890 videtur,
326 3834 415 3899 quem
435 3815 510 3877 alter
533 3835 598 3878 esse
621 3822 651 3877 et
668 3816 768 3879 vivere
791 3818 854 3879 vult
874 3817 960 3879 huius
983 3816 1076 3897 ipsius
1097 3817 1203 3897 gratis
1229 3837 1286 3881 nou
1318 3816 1322 3891 ζ

177 3925 230 3967 sua
249 3903 349 3984 gratia,
373 3902 487 3966 etiamsi
506 3903 532 3964 ei
554 3904 634 3965 ncilla
653 3904 732 3965 bona
754 3904 878 3976 tribuat,
901 3924 999 3986 neque
1013 3922 1084 3965 cum
1104 3922 1142 3965 eo
1163 3924 1286 3968 consue·

176 3992 310 4055 tudinem
330 3993 445 4054 babeat.
484 3990 549 4053 Alio
572 3991 678 4063 modo,
708 4010 836 4071 quocum
856 3991 955 4054 vivere
979 3999 1009 4054 et
1030 3997 1159 4053 aetatem
1181 3991 1286 4072 degere
1318 4016 1320 4021 ·

176 4080 239 4141 vult
266 4087 392 4161 propter
420 4079 514 4160 ipsam
544 4077 790 4142 consuetudinem
806 4097 920 4157 *neque
951 4079 989 4141 ob
1018 4077 1099 4140 aliud
1120 4078 1286 4161 quidpiam:
1318 4048 1325 4167 1

130 4185 159 4230 eo
177 4167 428 4247 quemadmodum
456 4173 555 4247 patres
584 4166 671 4228 vitam
705 4164 823 4244 quidem
840 4171 959 4247 ¹optant
987 4163 1088 4227 liberis
1117 4165 1200 4240 suis,
1236 4165 1284 4229 sed
1322 4182 1327 4191 “

176 4261 274 4317 umen
302 4253 547 4318 consuetudinem
574 4261 604 4316 et
633 4251 799 4314 convictum
826 4251 952 4315 aliorum
973 4258 1088 4333 petunt
1130 4251 1197 4317 lum
1218 4272 1284 4315 rem

1320 4212 1324 4293 l

175 4343 250 4405 baec
271 4340 327 4439 sibi
348 4359 516 4440 repugnare
532 4338 698 4439 videntur..
720 4338 794 4437 llaru
812 4338 877 4413 alii,
899 4339 958 4402 nisi
973 4339 1014 4412 id,
1036 4338 1284 4441 (1110ᾱίρῲὴῇ
1320 4328 1327 4459 ι

176 4429 417 4504 oeristetten
439 4434 553 4511 optent,
575 4427 623 4493 alu
643 4444 700 4490 urst
717 4444 816 4491 vivere
832 4434 869 4493 et
889 4445 956 4493 esse
972 4427 1099 4492 usuum
1117 4426 1224 4503 velint,
1243 4426 1285 4493 du
1323 4462 1328 4473 =
