<?xml version="1.0" encoding="UTF-8"?>
<!DOCTYPE html PUBLIC "-//W3C//DTD XHTML 1.0 Transitional//EN"
    "http://www.w3.org/TR/xhtml1/DTD/xhtml1-transitional.dtd">
<html xmlns="http://www.w3.org/1999/xhtml" xml:lang="en" lang="en">
 <head>
  <title>
</title>
<meta http-equiv="Content-Type" content="text/html;charset=utf-8" />
  <meta name='ocr-system' content='tesseract 3.04.00' />
  <meta name='ocr-capabilities' content='ocr_page ocr_carea ocr_par ocr_line ocrx_word'/>
</head>
<body>
  <div class='ocr_page' id='page_1' title='image "./ethicaeudemia00arisgoog_0347.png"; bbox 0 0 2776 4836; ppageno 0'>
   <div class='ocr_carea' id='block_1_1' title="bbox 529 196 1238 283">
    <p class='ocr_par' dir='ltr' id='par_1_1' title="bbox 529 196 1238 283">
     <span class='ocr_line' id='line_1_1' title="bbox 529 196 1238 283; baseline 0.017 -12"><span class='ocrx_word' id='word_1_1' title='bbox 529 196 572 272; x_wconf 89' lang='grc' dir='ltr'><strong>Π.</strong></span> <span class='ocrx_word' id='word_1_2' title='bbox 601 200 658 274; x_wconf 84' lang='lat' dir='ltr'><strong>to.</strong></span> <span class='ocrx_word' id='word_1_3' title='bbox 688 202 746 275; x_wconf 89' lang='lat'><strong>11.</strong></span> <span class='ocrx_word' id='word_1_4' title='bbox 1160 198 1238 283; x_wconf 78' lang='lat'><strong>293</strong></span> 
     </span>
    </p>
   </div>
   <div class='ocr_carea' id='block_1_2' title="bbox 73 388 1279 4516">
    <p class='ocr_par' dir='ltr' id='par_1_2' title="bbox 73 388 1238 912">
     <span class='ocr_line' id='line_1_2' title="bbox 73 388 1238 473; baseline 0.006 -20"><span class='ocrx_word' id='word_1_5' title='bbox 73 388 195 453; x_wconf 70' lang='lat' dir='ltr'><strong>balicet</strong></span> <span class='ocrx_word' id='word_1_6' title='bbox 222 389 325 453; x_wconf 83' lang='lat' dir='ltr'><strong>ridere</strong></span> <span class='ocrx_word' id='word_1_7' title='bbox 354 389 437 453; x_wconf 89' lang='lat' dir='ltr'><strong>cuius</strong></span> <span class='ocrx_word' id='word_1_8' title='bbox 453 410 524 469; x_wconf 44' lang='lat' dir='ltr'><strong>,nnn</strong></span> <span class='ocrx_word' id='word_1_9' title='bbox 543 400 599 454; x_wconf 86' lang='lat' dir='ltr'><strong>-est</strong></span> <span class='ocrx_word' id='word_1_10' title='bbox 623 393 702 455; x_wconf 85' lang='lat' dir='ltr'><strong>visus</strong></span> <span class='ocrx_word' id='word_1_11' title='bbox 732 411 830 473; x_wconf 89' lang='lat' dir='ltr'><strong>neque</strong></span> <span class='ocrx_word' id='word_1_12' title='bbox 860 394 962 455; x_wconf 90' lang='lat' dir='ltr'><strong>audire</strong></span> <span class='ocrx_word' id='word_1_13' title='bbox 990 395 1072 456; x_wconf 92' lang='lat' dir='ltr'><strong>cuius</strong></span> <span class='ocrx_word' id='word_1_14' title='bbox 1102 414 1163 457; x_wconf 93' lang='lat' dir='ltr'><strong>non</strong></span> <span class='ocrx_word' id='word_1_15' title='bbox 1193 407 1238 460; x_wconf 88' lang='lat' dir='ltr'><strong>est</strong></span> 
     </span>
     <span class='ocr_line' id='line_1_3' title="bbox 121 474 1237 561; baseline 0.009 -23"><span class='ocrx_word' id='word_1_16' title='bbox 121 474 274 561; x_wconf 87' lang='lat' dir='ltr'><strong>auditus):</strong></span> <span class='ocrx_word' id='word_1_17' title='bbox 301 485 333 541; x_wconf 86' lang='lat' dir='ltr'><strong>at</strong></span> <span class='ocrx_word' id='word_1_18' title='bbox 352 478 493 543; x_wconf 79' lang='lat' dir='ltr'><strong>scientiae</strong></span> <span class='ocrx_word' id='word_1_19' title='bbox 520 481 627 543; x_wconf 82' lang='lat' dir='ltr'><strong>auxilio</strong></span> <span class='ocrx_word' id='word_1_20' title='bbox 654 482 751 543; x_wconf 82' lang='lat' dir='ltr'><strong>faeere</strong></span> <span class='ocrx_word' id='word_1_21' title='bbox 780 482 850 544; x_wconf 90' lang='lat' dir='ltr'><strong>licet</strong></span> <span class='ocrx_word' id='word_1_22' title='bbox 872 490 901 544; x_wconf 92' lang='lat' dir='ltr'><strong>et</strong></span> <span class='ocrx_word' id='word_1_23' title='bbox 925 482 973 554; x_wconf 84' lang='lat' dir='ltr'><strong>id,</strong></span> <span class='ocrx_word' id='word_1_24' title='bbox 1002 482 1084 544; x_wconf 90' lang='lat' dir='ltr'><strong>cuius</strong></span> <span class='ocrx_word' id='word_1_25' title='bbox 1106 495 1237 548; x_wconf 91' lang='lat' dir='ltr'><strong>nonest</strong></span> 
     </span>
     <span class='ocr_line' id='line_1_4' title="bbox 120 563 1236 653; baseline 0.008 -28"><span class='ocrx_word' id='word_1_26' title='bbox 120 563 255 626; x_wconf 86' lang='lat' dir='ltr'><strong>scientia.</strong></span> <span class='ocrx_word' id='word_1_27' title='bbox 307 566 410 646; x_wconf 89' lang='lat' dir='ltr'><strong>Neque</strong></span> <span class='ocrx_word' id='word_1_28' title='bbox 437 569 516 631; x_wconf 91' lang='lat' dir='ltr'><strong>enim</strong></span> <span class='ocrx_word' id='word_1_29' title='bbox 540 569 675 631; x_wconf 90' lang='lat' dir='ltr'><strong>similiter</strong></span> <span class='ocrx_word' id='word_1_30' title='bbox 704 569 835 630; x_wconf 89' lang='lat' dir='ltr'><strong>sanitatis</strong></span> <span class='ocrx_word' id='word_1_31' title='bbox 862 570 971 633; x_wconf 80' lang='lat' dir='ltr'><strong>,eadem</strong></span> <span class='ocrx_word' id='word_1_32' title='bbox 996 570 1119 632; x_wconf 89' lang='lat' dir='ltr'><strong>scientia</strong></span> <span class='ocrx_word' id='word_1_33' title='bbox 1148 579 1236 653; x_wconf 90' lang='lat' dir='ltr'><strong>atque</strong></span> 
     </span>
     <span class='ocr_line' id='line_1_5' title="bbox 120 652 1237 729; baseline 0.008 -16"><span class='ocrx_word' id='word_1_34' title='bbox 120 652 221 714; x_wconf 86' lang='lat' dir='ltr'><strong>morbi</strong></span> <span class='ocrx_word' id='word_1_35' title='bbox 241 658 302 725; x_wconf 88' lang='lat' dir='ltr'><strong>est,</strong></span> <span class='ocrx_word' id='word_1_36' title='bbox 331 654 386 715; x_wconf 91' lang='lat' dir='ltr'><strong>sed</strong></span> <span class='ocrx_word' id='word_1_37' title='bbox 406 655 485 718; x_wconf 91' lang='lat' dir='ltr'><strong>illius</strong></span> <span class='ocrx_word' id='word_1_38' title='bbox 514 657 636 719; x_wconf 90' lang='lat' dir='ltr'><strong>scientia</strong></span> <span class='ocrx_word' id='word_1_39' title='bbox 658 658 822 719; x_wconf 92' lang='lat' dir='ltr'><strong>secundum</strong></span> <span class='ocrx_word' id='word_1_40' title='bbox 843 665 992 729; x_wconf 89' lang='lat' dir='ltr'><strong>naturam,</strong></span> <span class='ocrx_word' id='word_1_41' title='bbox 1024 658 1110 719; x_wconf 87' lang='lat' dir='ltr'><strong>huius</strong></span> <span class='ocrx_word' id='word_1_42' title='bbox 1133 669 1237 722; x_wconf 90' lang='lat' dir='ltr'><strong>contra</strong></span> 
     </span>
     <span class='ocr_line' id='line_1_6' title="bbox 120 741 1236 826; baseline 0.006 -24"><span class='ocrx_word' id='word_1_43' title='bbox 120 749 259 803; x_wconf 79' lang='lat' dir='ltr'><strong>natiuam</strong></span> <span class='ocrx_word' id='word_1_44' title='bbox 281 748 335 803; x_wconf 91' lang='lat' dir='ltr'><strong>est.</strong></span> <span class='ocrx_word' id='word_1_45' title='bbox 379 741 429 804; x_wconf 88' lang='lat' dir='ltr'><strong>Sic</strong></span> <span class='ocrx_word' id='word_1_46' title='bbox 452 745 539 806; x_wconf 91' lang='lat' dir='ltr'><strong>etiam</strong></span> <span class='ocrx_word' id='word_1_47' title='bbox 560 745 695 806; x_wconf 86' lang='lat' dir='ltr'><strong>voluntas</strong></span> <span class='ocrx_word' id='word_1_48' title='bbox 712 747 817 805; x_wconf 78' lang='lat' dir='ltr'><strong>natura</strong></span> <span class='ocrx_word' id='word_1_49' title='bbox 839 745 958 826; x_wconf 91' lang='lat' dir='ltr'><strong>quidem</strong></span> <span class='ocrx_word' id='word_1_50' title='bbox 977 745 1014 805; x_wconf 92' lang='lat' dir='ltr'><strong>ad</strong></span> <span class='ocrx_word' id='word_1_51' title='bbox 1032 747 1146 809; x_wconf 88' lang='lat' dir='ltr'><strong>bonurn</strong></span> <span class='ocrx_word' id='word_1_52' title='bbox 1169 755 1236 809; x_wconf 92' lang='lat' dir='ltr'><strong>teu-</strong></span> 
     </span>
     <span class='ocr_line' id='line_1_7' title="bbox 122 827 1235 912; baseline 0.006 -23"><span class='ocrx_word' id='word_1_53' title='bbox 122 827 176 902; x_wconf 82' lang='lat' dir='ltr'><strong>dit,</strong></span> <span class='ocrx_word' id='word_1_54' title='bbox 200 835 312 891; x_wconf 84' lang='lat' dir='ltr'><strong>contm.</strong></span> <span class='ocrx_word' id='word_1_55' title='bbox 325 836 460 894; x_wconf 91' lang='lat' dir='ltr'><strong>naturam</strong></span> <span class='ocrx_word' id='word_1_56' title='bbox 482 852 553 894; x_wconf 89' lang='lat' dir='ltr'><strong>vero</strong></span> <span class='ocrx_word' id='word_1_57' title='bbox 574 834 660 895; x_wconf 90' lang='lat' dir='ltr'><strong>etiam</strong></span> <span class='ocrx_word' id='word_1_58' title='bbox 682 833 719 893; x_wconf 92' lang='lat' dir='ltr'><strong>ad</strong></span> <span class='ocrx_word' id='word_1_59' title='bbox 737 833 863 895; x_wconf 88' lang='lat' dir='ltr'><strong>malum:</strong></span> <span class='ocrx_word' id='word_1_60' title='bbox 881 834 1003 912; x_wconf 78' lang='lat' dir='ltr'><strong>vultque</strong></span> <span class='ocrx_word' id='word_1_61' title='bbox 1021 834 1111 895; x_wconf 89' lang='lat' dir='ltr'><strong>homo</strong></span> <span class='ocrx_word' id='word_1_62' title='bbox 1129 838 1235 897; x_wconf 78' lang='lat' dir='ltr'><strong>natura</strong></span> 
     </span>
    </p>

    <p class='ocr_par' dir='ltr' id='par_1_3' title="bbox 73 915 1237 1353">
     <span class='ocr_line' id='line_1_8' title="bbox 73 915 1235 1002; baseline 0.007 -26"><span class='ocrx_word' id='word_1_63' title='bbox 73 930 103 976; x_wconf 82' lang='lat' dir='ltr'><strong>so</strong></span> <span class='ocrx_word' id='word_1_64' title='bbox 122 915 244 996; x_wconf 90' lang='lat' dir='ltr'><strong>quidem</strong></span> <span class='ocrx_word' id='word_1_65' title='bbox 265 917 397 993; x_wconf 91' lang='lat' dir='ltr'><strong>bonum,</strong></span> <span class='ocrx_word' id='word_1_66' title='bbox 424 928 528 981; x_wconf 90' lang='lat' dir='ltr'><strong>contra</strong></span> <span class='ocrx_word' id='word_1_67' title='bbox 549 931 684 984; x_wconf 91' lang='lat' dir='ltr'><strong>naturam</strong></span> <span class='ocrx_word' id='word_1_68' title='bbox 706 939 777 982; x_wconf 84' lang='lat' dir='ltr'><strong>vero</strong></span> <span class='ocrx_word' id='word_1_69' title='bbox 806 929 836 982; x_wconf 93' lang='lat' dir='ltr'><strong>et</strong></span> <span class='ocrx_word' id='word_1_70' title='bbox 865 940 900 982; x_wconf 86' lang='lat' dir='ltr'><strong>ex</strong></span> <span class='ocrx_word' id='word_1_71' title='bbox 929 921 1124 1002; x_wconf 86' lang='lat' dir='ltr'><strong>perversitate</strong></span> <span class='ocrx_word' id='word_1_72' title='bbox 1147 923 1235 984; x_wconf 81' lang='lat' dir='ltr'><strong>etiarn</strong></span> 
     </span>
     <span class='ocr_line' id='line_1_9' title="bbox 119 1005 1235 1088; baseline 0.005 -22"><span class='ocrx_word' id='word_1_73' title='bbox 119 1005 241 1067; x_wconf 90' lang='lat' dir='ltr'><strong>malum.</strong></span> <span class='ocrx_word' id='word_1_74' title='bbox 290 1005 329 1067; x_wconf 81' lang='lat' dir='ltr'><strong>nt</strong></span> <span class='ocrx_word' id='word_1_75' title='bbox 355 1007 451 1068; x_wconf 91' lang='lat' dir='ltr'><strong>omnis</strong></span> <span class='ocrx_word' id='word_1_76' title='bbox 479 1016 584 1070; x_wconf 88' lang='lat' dir='ltr'><strong>natura</strong></span> <span class='ocrx_word' id='word_1_77' title='bbox 616 1009 818 1088; x_wconf 81' lang='lat' dir='ltr'><strong>corrumpitur</strong></span> <span class='ocrx_word' id='word_1_78' title='bbox 846 1015 873 1069; x_wconf 93' lang='lat' dir='ltr'><strong>et</strong></span> <span class='ocrx_word' id='word_1_79' title='bbox 904 1009 1086 1071; x_wconf 89' lang='lat' dir='ltr'><strong>convertitur</strong></span> <span class='ocrx_word' id='word_1_80' title='bbox 1115 1028 1177 1072; x_wconf 91' lang='lat' dir='ltr'><strong>non</strong></span> <span class='ocrx_word' id='word_1_81' title='bbox 1204 1011 1235 1072; x_wconf 92' lang='lat' dir='ltr'><strong>in</strong></span> 
     </span>
     <span class='ocr_line' id='line_1_10' title="bbox 122 1093 1235 1174; baseline 0.006 -21"><span class='ocrx_word' id='word_1_82' title='bbox 122 1093 288 1174; x_wconf 75' lang='lat' dir='ltr'><strong>quodlibet,</strong></span> <span class='ocrx_word' id='word_1_83' title='bbox 308 1094 409 1156; x_wconf 92' lang='lat' dir='ltr'><strong>sedin</strong></span> <span class='ocrx_word' id='word_1_84' title='bbox 433 1096 580 1158; x_wconf 90' lang='lat' dir='ltr'><strong>contraria</strong></span> <span class='ocrx_word' id='word_1_85' title='bbox 599 1104 629 1158; x_wconf 89' lang='lat' dir='ltr'><strong>et</strong></span> <span class='ocrx_word' id='word_1_86' title='bbox 648 1097 679 1158; x_wconf 93' lang='lat' dir='ltr'><strong>in</strong></span> <span class='ocrx_word' id='word_1_87' title='bbox 696 1097 809 1159; x_wconf 88' lang='lat' dir='ltr'><strong>media:</strong></span> <span class='ocrx_word' id='word_1_88' title='bbox 830 1097 885 1158; x_wconf 91' lang='lat' dir='ltr'><strong>hos</strong></span> <span class='ocrx_word' id='word_1_89' title='bbox 909 1096 987 1157; x_wconf 87' lang='lat' dir='ltr'><strong>enirn</strong></span> <span class='ocrx_word' id='word_1_90' title='bbox 1010 1097 1118 1161; x_wconf 91' lang='lat' dir='ltr'><strong>limites</strong></span> <span class='ocrx_word' id='word_1_91' title='bbox 1137 1105 1235 1160; x_wconf 89' lang='lat' dir='ltr'><strong>trans-</strong></span> 
     </span>
     <span class='ocr_line' id='line_1_11' title="bbox 120 1180 1237 1266; baseline 0.004 -23"><span class='ocrx_word' id='word_1_92' title='bbox 120 1180 214 1260; x_wconf 78' lang='lat' dir='ltr'><strong>gredi</strong></span> <span class='ocrx_word' id='word_1_93' title='bbox 230 1200 292 1243; x_wconf 89' lang='lat' dir='ltr'><strong>non</strong></span> <span class='ocrx_word' id='word_1_94' title='bbox 320 1182 408 1256; x_wconf 83' lang='lat' dir='ltr'><strong>licet,</strong></span> <span class='ocrx_word' id='word_1_95' title='bbox 442 1185 682 1265; x_wconf 91' lang='lat' dir='ltr'><strong>quandoquidem</strong></span> <span class='ocrx_word' id='word_1_96' title='bbox 709 1185 797 1246; x_wconf 92' lang='lat' dir='ltr'><strong>etiam</strong></span> <span class='ocrx_word' id='word_1_97' title='bbox 825 1203 910 1246; x_wconf 90' lang='lat' dir='ltr'><strong>error</strong></span> <span class='ocrx_word' id='word_1_98' title='bbox 939 1203 1000 1245; x_wconf 89' lang='lat' dir='ltr'><strong>non</strong></span> <span class='ocrx_word' id='word_1_99' title='bbox 1025 1185 1056 1245; x_wconf 93' lang='lat' dir='ltr'><strong>in</strong></span> <span class='ocrx_word' id='word_1_100' title='bbox 1088 1187 1237 1266; x_wconf 89' lang='lat' dir='ltr'><strong>quaelibet</strong></span> 
     </span>
     <span class='ocr_line' id='line_1_12' title="bbox 120 1268 1235 1353; baseline 0.004 -23"><span class='ocrx_word' id='word_1_101' title='bbox 120 1268 229 1343; x_wconf 80' lang='lat' dir='ltr'><strong>desert,</strong></span> <span class='ocrx_word' id='word_1_102' title='bbox 255 1269 361 1331; x_wconf 88' lang='lat' dir='ltr'><strong>sedin</strong></span> <span class='ocrx_word' id='word_1_103' title='bbox 384 1273 540 1346; x_wconf 88' lang='lat' dir='ltr'><strong>contraria,</strong></span> <span class='ocrx_word' id='word_1_104' title='bbox 563 1273 670 1353; x_wconf 89' lang='lat' dir='ltr'><strong>quibus</strong></span> <span class='ocrx_word' id='word_1_105' title='bbox 692 1273 812 1353; x_wconf 92' lang='lat' dir='ltr'><strong>quidem</strong></span> <span class='ocrx_word' id='word_1_106' title='bbox 833 1280 903 1333; x_wconf 88' lang='lat' dir='ltr'><strong>sunt</strong></span> <span class='ocrx_word' id='word_1_107' title='bbox 924 1271 1080 1346; x_wconf 89' lang='lat' dir='ltr'><strong>contraria,</strong></span> <span class='ocrx_word' id='word_1_108' title='bbox 1105 1281 1132 1334; x_wconf 90' lang='lat' dir='ltr'><strong>et</strong></span> <span class='ocrx_word' id='word_1_109' title='bbox 1156 1275 1235 1335; x_wconf 92' lang='lat' dir='ltr'><strong>eius-</strong></span> 
     </span>
    </p>

    <p class='ocr_par' dir='ltr' id='par_1_4' title="bbox 73 1355 1235 1879">
     <span class='ocr_line' id='line_1_13' title="bbox 73 1355 1234 1440; baseline 0.003 -21"><span class='ocrx_word' id='word_1_110' title='bbox 73 1357 102 1402; x_wconf 55' lang='grc' dir='ltr'>ὅ</span> <span class='ocrx_word' id='word_1_111' title='bbox 120 1355 205 1419; x_wconf 90' lang='lat' dir='ltr'><strong>modi</strong></span> <span class='ocrx_word' id='word_1_112' title='bbox 223 1356 343 1438; x_wconf 91' lang='lat' dir='ltr'><strong>quidem</strong></span> <span class='ocrx_word' id='word_1_113' title='bbox 360 1360 516 1434; x_wconf 90' lang='lat' dir='ltr'><strong>contraria,</strong></span> <span class='ocrx_word' id='word_1_114' title='bbox 541 1379 615 1440; x_wconf 90' lang='lat' dir='ltr'><strong>quae</strong></span> <span class='ocrx_word' id='word_1_115' title='bbox 637 1362 803 1422; x_wconf 88' lang='lat' dir='ltr'><strong>secundum</strong></span> <span class='ocrx_word' id='word_1_116' title='bbox 819 1360 972 1421; x_wconf 88' lang='lat' dir='ltr'><strong>scientiam</strong></span> <span class='ocrx_word' id='word_1_117' title='bbox 990 1360 1137 1422; x_wconf 89' lang='lat' dir='ltr'><strong>contraria</strong></span> <span class='ocrx_word' id='word_1_118' title='bbox 1156 1371 1234 1423; x_wconf 81' lang='lat' dir='ltr'><strong>sunt</strong></span> 
     </span>
     <span class='ocr_line' id='line_1_14' title="bbox 119 1444 1234 1519; baseline 0.004 -13"><span class='ocrx_word' id='word_1_119' title='bbox 119 1444 222 1519; x_wconf 85' lang='lat' dir='ltr'><strong>Quare</strong></span> <span class='ocrx_word' id='word_1_120' title='bbox 242 1463 368 1507; x_wconf 89' lang='lat' dir='ltr'><strong>necesse</strong></span> <span class='ocrx_word' id='word_1_121' title='bbox 390 1454 436 1510; x_wconf 90' lang='lat' dir='ltr'><strong>est</strong></span> <span class='ocrx_word' id='word_1_122' title='bbox 457 1456 486 1509; x_wconf 89' lang='lat' dir='ltr'><strong>et</strong></span> <span class='ocrx_word' id='word_1_123' title='bbox 508 1466 641 1510; x_wconf 89' lang='lat' dir='ltr'><strong>errorem</strong></span> <span class='ocrx_word' id='word_1_124' title='bbox 670 1456 700 1508; x_wconf 89' lang='lat' dir='ltr'><strong>et</strong></span> <span class='ocrx_word' id='word_1_125' title='bbox 721 1449 903 1511; x_wconf 85' lang='lat' dir='ltr'><strong>voluntatem</strong></span> <span class='ocrx_word' id='word_1_126' title='bbox 926 1447 1149 1510; x_wconf 89' lang='lat' dir='ltr'><strong>deliberatama</strong></span> <span class='ocrx_word' id='word_1_127' title='bbox 1170 1469 1234 1510; x_wconf 91' lang='lat' dir='ltr'><strong>me-</strong></span> 
     </span>
     <span class='ocr_line' id='line_1_15' title="bbox 119 1531 1233 1610; baseline 0.004 -17"><span class='ocrx_word' id='word_1_128' title='bbox 119 1531 171 1593; x_wconf 91' lang='lat' dir='ltr'><strong>dio</strong></span> <span class='ocrx_word' id='word_1_129' title='bbox 195 1532 345 1595; x_wconf 89' lang='lat' dir='ltr'><strong>declinare</strong></span> <span class='ocrx_word' id='word_1_130' title='bbox 366 1535 404 1596; x_wconf 92' lang='lat' dir='ltr'><strong>ad</strong></span> <span class='ocrx_word' id='word_1_131' title='bbox 426 1536 583 1597; x_wconf 87' lang='lat' dir='ltr'><strong>contraria.</strong></span> <span class='ocrx_word' id='word_1_132' title='bbox 628 1535 781 1597; x_wconf 84' lang='lat' dir='ltr'><strong>Contraria</strong></span> <span class='ocrx_word' id='word_1_133' title='bbox 803 1544 902 1597; x_wconf 87' lang='lat' dir='ltr'><strong>autem</strong></span> <span class='ocrx_word' id='word_1_134' title='bbox 930 1535 1029 1596; x_wconf 89' lang='lat' dir='ltr'><strong>medio</strong></span> <span class='ocrx_word' id='word_1_135' title='bbox 1054 1543 1172 1598; x_wconf 90' lang='lat' dir='ltr'><strong>suntet</strong></span> <span class='ocrx_word' id='word_1_136' title='bbox 1192 1537 1233 1610; x_wconf 86' lang='lat' dir='ltr'><strong>id,</strong></span> 
     </span>
     <span class='ocr_line' id='line_1_16' title="bbox 118 1620 1235 1703; baseline 0.004 -22"><span class='ocrx_word' id='word_1_137' title='bbox 118 1621 202 1702; x_wconf 91' lang='lat' dir='ltr'><strong>quod</strong></span> <span class='ocrx_word' id='word_1_138' title='bbox 223 1620 292 1701; x_wconf 87' lang='lat' dir='ltr'><strong>plus</strong></span> <span class='ocrx_word' id='word_1_139' title='bbox 310 1628 371 1695; x_wconf 84' lang='lat' dir='ltr'><strong>est,</strong></span> <span class='ocrx_word' id='word_1_140' title='bbox 402 1630 432 1683; x_wconf 92' lang='lat' dir='ltr'><strong>et</strong></span> <span class='ocrx_word' id='word_1_141' title='bbox 449 1624 493 1696; x_wconf 89' lang='lat' dir='ltr'><strong>id,</strong></span> <span class='ocrx_word' id='word_1_142' title='bbox 522 1624 602 1703; x_wconf 91' lang='lat' dir='ltr'><strong>quod</strong></span> <span class='ocrx_word' id='word_1_143' title='bbox 619 1620 726 1685; x_wconf 89' lang='lat' dir='ltr'><strong>minus.</strong></span> <span class='ocrx_word' id='word_1_144' title='bbox 769 1623 861 1684; x_wconf 83' lang='lat' dir='ltr'><strong>Causa</strong></span> <span class='ocrx_word' id='word_1_145' title='bbox 880 1628 978 1684; x_wconf 90' lang='lat' dir='ltr'><strong>autem</strong></span> <span class='ocrx_word' id='word_1_146' title='bbox 1006 1622 1185 1685; x_wconf 86' lang='lat' dir='ltr'><strong>iniucunda</strong></span> <span class='ocrx_word' id='word_1_147' title='bbox 1205 1633 1235 1686; x_wconf 91' lang='lat' dir='ltr'><strong>et</strong></span> 
     </span>
     <span class='ocr_line' id='line_1_17' title="bbox 116 1708 1233 1788; baseline 0.004 -19"><span class='ocrx_word' id='word_1_148' title='bbox 116 1708 247 1770; x_wconf 88' lang='lat' dir='ltr'><strong>molesto</strong></span> <span class='ocrx_word' id='word_1_149' title='bbox 269 1709 366 1788; x_wconf 80' lang='lat' dir='ltr'><strong>posita</strong></span> <span class='ocrx_word' id='word_1_150' title='bbox 392 1714 455 1772; x_wconf 85' lang='lat' dir='ltr'><strong>est&#39;</strong></span> <span class='ocrx_word' id='word_1_151' title='bbox 495 1710 546 1771; x_wconf 89' lang='lat' dir='ltr'><strong>Sic</strong></span> <span class='ocrx_word' id='word_1_152' title='bbox 570 1711 651 1772; x_wconf 91' lang='lat' dir='ltr'><strong>enim</strong></span> <span class='ocrx_word' id='word_1_153' title='bbox 680 1730 728 1772; x_wconf 90' lang='lat' dir='ltr'><strong>res</strong></span> <span class='ocrx_word' id='word_1_154' title='bbox 756 1712 901 1772; x_wconf 91' lang='lat' dir='ltr'><strong>sehabet</strong></span> <span class='ocrx_word' id='word_1_155' title='bbox 925 1717 958 1770; x_wconf 91' lang='lat' dir='ltr'><strong>ut</strong></span> <span class='ocrx_word' id='word_1_156' title='bbox 979 1710 1113 1771; x_wconf 88' lang='lat' dir='ltr'><strong>videatur</strong></span> <span class='ocrx_word' id='word_1_157' title='bbox 1135 1711 1233 1773; x_wconf 92' lang='lat' dir='ltr'><strong>animo</strong></span> 
     </span>
     <span class='ocr_line' id='line_1_18' title="bbox 114 1796 1234 1879; baseline 0.003 -22"><span class='ocrx_word' id='word_1_158' title='bbox 114 1796 281 1858; x_wconf 78' lang='lat' dir='ltr'><strong>iuctrndum</strong></span> <span class='ocrx_word' id='word_1_159' title='bbox 299 1797 506 1870; x_wconf 87' lang='lat' dir='ltr'><strong>essebonum,</strong></span> <span class='ocrx_word' id='word_1_160' title='bbox 527 1798 746 1879; x_wconf 91' lang='lat' dir='ltr'><strong>iucundiusque</strong></span> <span class='ocrx_word' id='word_1_161' title='bbox 763 1798 879 1871; x_wconf 82' lang='lat' dir='ltr'><strong>melius,</strong></span> <span class='ocrx_word' id='word_1_162' title='bbox 902 1798 1061 1858; x_wconf 90' lang='lat' dir='ltr'><strong>molestum</strong></span> <span class='ocrx_word' id='word_1_163' title='bbox 1079 1817 1151 1860; x_wconf 83' lang='lat' dir='ltr'><strong>vero</strong></span> <span class='ocrx_word' id='word_1_164' title='bbox 1170 1819 1234 1860; x_wconf 89' lang='lat' dir='ltr'><strong>ma-</strong></span> 
     </span>
    </p>

    <p class='ocr_par' dir='ltr' id='par_1_5' title="bbox 73 1879 1234 2053">
     <span class='ocr_line' id='line_1_19' title="bbox 73 1879 1234 1966; baseline 0.003 -21"><span class='ocrx_word' id='word_1_165' title='bbox 73 1879 200 1958; x_wconf 50' lang='lat' dir='ltr'><strong>italum,</strong></span> <span class='ocrx_word' id='word_1_166' title='bbox 223 1885 437 1965; x_wconf 85' lang='lat' dir='ltr'><strong>molestiusque</strong></span> <span class='ocrx_word' id='word_1_167' title='bbox 459 1886 554 1966; x_wconf 80' lang='lat' dir='ltr'><strong>peius</strong></span> <span class='ocrx_word' id='word_1_168' title='bbox 598 1886 700 1966; x_wconf 90' lang='lat' dir='ltr'><strong>ltaque</strong></span> <span class='ocrx_word' id='word_1_169' title='bbox 723 1906 757 1947; x_wconf 86' lang='lat' dir='ltr'><strong>ex</strong></span> <span class='ocrx_word' id='word_1_170' title='bbox 776 1886 821 1947; x_wconf 90' lang='lat' dir='ltr'><strong>his</strong></span> <span class='ocrx_word' id='word_1_171' title='bbox 841 1904 959 1965; x_wconf 91' lang='lat' dir='ltr'><strong>quoque</strong></span> <span class='ocrx_word' id='word_1_172' title='bbox 982 1893 1111 1966; x_wconf 91' lang='lat' dir='ltr'><strong>apparet</strong></span> <span class='ocrx_word' id='word_1_173' title='bbox 1128 1888 1158 1948; x_wconf 93' lang='lat' dir='ltr'><strong>iu</strong></span> <span class='ocrx_word' id='word_1_174' title='bbox 1181 1907 1234 1948; x_wconf 85' lang='lat' dir='ltr'><strong>vo-</strong></span> 
     </span>
     <span class='ocr_line' id='line_1_20' title="bbox 117 1971 1233 2053; baseline 0.003 -20"><span class='ocrx_word' id='word_1_175' title='bbox 117 1971 281 2053; x_wconf 79' lang='lat' dir='ltr'><strong>luptatibus</strong></span> <span class='ocrx_word' id='word_1_176' title='bbox 316 1981 346 2035; x_wconf 87' lang='lat' dir='ltr'><strong>et</strong></span> <span class='ocrx_word' id='word_1_177' title='bbox 374 1973 527 2035; x_wconf 88' lang='lat' dir='ltr'><strong>doloribus</strong></span> <span class='ocrx_word' id='word_1_178' title='bbox 558 1974 639 2035; x_wconf 91' lang='lat' dir='ltr'><strong>cerni</strong></span> <span class='ocrx_word' id='word_1_179' title='bbox 670 1973 808 2035; x_wconf 88' lang='lat' dir='ltr'><strong>virtutem</strong></span> <span class='ocrx_word' id='word_1_180' title='bbox 842 1980 873 2034; x_wconf 92' lang='lat' dir='ltr'><strong>et</strong></span> <span class='ocrx_word' id='word_1_181' title='bbox 904 1972 1102 2036; x_wconf 86' lang='lat' dir='ltr'><strong>vitiositatem.</strong></span> <span class='ocrx_word' id='word_1_182' title='bbox 1161 1975 1233 2036; x_wconf 85' lang='lat' dir='ltr'><strong>Nam</strong></span> 
     </span>
    </p>

    <p class='ocr_par' dir='ltr' id='par_1_6' title="bbox 89 2060 1233 2387">
     <span class='ocr_line' id='line_1_21' title="bbox 89 2060 1233 2142; baseline 0.001 -19"><span class='ocrx_word' id='word_1_183' title='bbox 89 2092 92 2097; x_wconf 94' lang='lat'>·</span> <span class='ocrx_word' id='word_1_184' title='bbox 117 2066 245 2140; x_wconf 83' lang='lat' dir='ltr'><strong>utraque</strong></span> <span class='ocrx_word' id='word_1_185' title='bbox 266 2061 368 2136; x_wconf 83' lang='lat' dir='ltr'><strong>iubis,</strong></span> <span class='ocrx_word' id='word_1_186' title='bbox 392 2080 467 2142; x_wconf 90' lang='lat' dir='ltr'><strong>quae</strong></span> <span class='ocrx_word' id='word_1_187' title='bbox 483 2061 635 2123; x_wconf 82' lang='lat' dir='ltr'><strong>voluntate</strong></span> <span class='ocrx_word' id='word_1_188' title='bbox 655 2061 816 2124; x_wconf 86' lang='lat' dir='ltr'><strong>deliberata</strong></span> <span class='ocrx_word' id='word_1_189' title='bbox 831 2060 915 2132; x_wconf 81' lang='lat' dir='ltr'><strong>fiunt,</strong></span> <span class='ocrx_word' id='word_1_190' title='bbox 935 2061 1075 2123; x_wconf 84' lang='lat' dir='ltr'><strong>vertitur:</strong></span> <span class='ocrx_word' id='word_1_191' title='bbox 1096 2063 1233 2124; x_wconf 88' lang='lat' dir='ltr'><strong>voluntas</strong></span> 
     </span>
     <span class='ocr_line' id='line_1_22' title="bbox 118 2148 1233 2230; baseline 0.001 -19"><span class='ocrx_word' id='word_1_192' title='bbox 118 2149 282 2211; x_wconf 86' lang='lat' dir='ltr'><strong>deliberata</strong></span> <span class='ocrx_word' id='word_1_193' title='bbox 303 2156 402 2212; x_wconf 91' lang='lat' dir='ltr'><strong>autem</strong></span> <span class='ocrx_word' id='word_1_194' title='bbox 429 2149 561 2211; x_wconf 90' lang='lat' dir='ltr'><strong>cernitur</strong></span> <span class='ocrx_word' id='word_1_195' title='bbox 581 2150 612 2210; x_wconf 94' lang='lat' dir='ltr'><strong>in</strong></span> <span class='ocrx_word' id='word_1_196' title='bbox 634 2149 720 2209; x_wconf 90' lang='lat' dir='ltr'><strong>bonis</strong></span> <span class='ocrx_word' id='word_1_197' title='bbox 750 2156 779 2210; x_wconf 92' lang='lat' dir='ltr'><strong>et</strong></span> <span class='ocrx_word' id='word_1_198' title='bbox 800 2150 831 2210; x_wconf 92' lang='lat' dir='ltr'><strong>in</strong></span> <span class='ocrx_word' id='word_1_199' title='bbox 850 2148 935 2210; x_wconf 90' lang='lat' dir='ltr'><strong>malis</strong></span> <span class='ocrx_word' id='word_1_200' title='bbox 966 2148 1120 2223; x_wconf 81' lang='lat' dir='ltr'><strong>cliniis,</strong></span> <span class='ocrx_word' id='word_1_201' title='bbox 1158 2170 1233 2230; x_wconf 90' lang='lat' dir='ltr'><strong>quae</strong></span> 
     </span>
     <span class='ocr_line' id='line_1_23' title="bbox 117 2234 1232 2318; baseline 0.001 -20"><span class='ocrx_word' id='word_1_202' title='bbox 117 2234 188 2298; x_wconf 84' lang='lat' dir='ltr'><strong>talia</strong></span> <span class='ocrx_word' id='word_1_203' title='bbox 208 2236 361 2299; x_wconf 79' lang='lat' dir='ltr'><strong>ridentur:</strong></span> <span class='ocrx_word' id='word_1_204' title='bbox 384 2238 450 2298; x_wconf 88' lang='lat' dir='ltr'><strong>talia</strong></span> <span class='ocrx_word' id='word_1_205' title='bbox 472 2244 571 2299; x_wconf 88' lang='lat' dir='ltr'><strong>autem</strong></span> <span class='ocrx_word' id='word_1_206' title='bbox 594 2244 664 2298; x_wconf 89' lang='lat' dir='ltr'><strong>sunt</strong></span> <span class='ocrx_word' id='word_1_207' title='bbox 685 2240 790 2298; x_wconf 79' lang='lat' dir='ltr'><strong>natura</strong></span> <span class='ocrx_word' id='word_1_208' title='bbox 807 2238 944 2318; x_wconf 86' lang='lat' dir='ltr'><strong>voluptas</strong></span> <span class='ocrx_word' id='word_1_209' title='bbox 965 2244 1053 2318; x_wconf 92' lang='lat' dir='ltr'><strong>atque</strong></span> <span class='ocrx_word' id='word_1_210' title='bbox 1077 2237 1164 2307; x_wconf 87' lang='lat' dir='ltr'><strong>dolor</strong></span> <span class='ocrx_word' id='word_1_211' title='bbox 1184 2239 1232 2299; x_wconf 89' lang='lat' dir='ltr'><strong>vel</strong></span> 
     </span>
     <span class='ocr_line' id='line_1_24' title="bbox 117 2324 844 2387; baseline -0.001 -1"><span class='ocrx_word' id='word_1_212' title='bbox 117 2324 263 2387; x_wconf 81' lang='lat' dir='ltr'><strong>molestia.</strong></span> <span class='ocrx_word' id='word_1_213' title='bbox 841 2340 844 2345; x_wconf 88' lang='lat'>·</span> 
     </span>
    </p>

    <p class='ocr_par' dir='ltr' id='par_1_7' title="bbox 82 2412 1232 2935">
     <span class='ocr_line' id='line_1_25' title="bbox 82 2412 1231 2495; baseline 0.002 -21"><span class='ocrx_word' id='word_1_214' title='bbox 82 2424 99 2467; x_wconf 63' lang='grc' dir='ltr'>ὅ</span> <span class='ocrx_word' id='word_1_215' title='bbox 207 2412 354 2485; x_wconf 84' lang='lat' dir='ltr'><strong>Quoniam</strong></span> <span class='ocrx_word' id='word_1_216' title='bbox 373 2413 463 2492; x_wconf 83' lang='lat' dir='ltr'><strong>igitur</strong></span> <span class='ocrx_word' id='word_1_217' title='bbox 483 2412 577 2475; x_wconf 89' lang='lat' dir='ltr'><strong>virtus</strong></span> <span class='ocrx_word' id='word_1_218' title='bbox 595 2413 715 2475; x_wconf 88' lang='lat' dir='ltr'><strong>moralis</strong></span> <span class='ocrx_word' id='word_1_219' title='bbox 738 2422 768 2475; x_wconf 91' lang='lat' dir='ltr'><strong>et</strong></span> <span class='ocrx_word' id='word_1_220' title='bbox 787 2413 852 2493; x_wconf 92' lang='lat' dir='ltr'><strong>ipsa</strong></span> <span class='ocrx_word' id='word_1_221' title='bbox 874 2413 1064 2476; x_wconf 87' lang='lat' dir='ltr'><strong>mediocritas</strong></span> <span class='ocrx_word' id='word_1_222' title='bbox 1086 2415 1231 2495; x_wconf 85' lang='lat' dir='ltr'><strong>quaedam</strong></span> 
     </span>
     <span class='ocr_line' id='line_1_26' title="bbox 119 2501 1231 2581; baseline -0.001 -16"><span class='ocrx_word' id='word_1_223' title='bbox 119 2510 166 2565; x_wconf 90' lang='lat' dir='ltr'><strong>est</strong></span> <span class='ocrx_word' id='word_1_224' title='bbox 191 2508 222 2561; x_wconf 93' lang='lat' dir='ltr'><strong>et</strong></span> <span class='ocrx_word' id='word_1_225' title='bbox 246 2501 344 2562; x_wconf 89' lang='lat' dir='ltr'><strong>omnis</strong></span> <span class='ocrx_word' id='word_1_226' title='bbox 372 2501 465 2561; x_wconf 84' lang='lat' dir='ltr'><strong>virtus</strong></span> <span class='ocrx_word' id='word_1_227' title='bbox 492 2501 613 2562; x_wconf 90' lang='lat' dir='ltr'><strong>moralis</strong></span> <span class='ocrx_word' id='word_1_228' title='bbox 640 2502 671 2562; x_wconf 93' lang='lat' dir='ltr'><strong>in</strong></span> <span class='ocrx_word' id='word_1_229' title='bbox 701 2501 902 2581; x_wconf 87' lang='lat' dir='ltr'><strong>voluptatibus</strong></span> <span class='ocrx_word' id='word_1_230' title='bbox 934 2521 968 2563; x_wconf 90' lang='lat' dir='ltr'><strong>ac</strong></span> <span class='ocrx_word' id='word_1_231' title='bbox 999 2502 1151 2564; x_wconf 88' lang='lat' dir='ltr'><strong>doloribus</strong></span> <span class='ocrx_word' id='word_1_232' title='bbox 1184 2505 1231 2564; x_wconf 92' lang='lat' dir='ltr'><strong>vel</strong></span> 
     </span>
     <span class='ocr_line' id='line_1_27' title="bbox 118 2588 1231 2664; baseline -0.002 -11"><span class='ocrx_word' id='word_1_233' title='bbox 118 2588 262 2653; x_wconf 90' lang='lat' dir='ltr'><strong>molestiis</strong></span> <span class='ocrx_word' id='word_1_234' title='bbox 279 2589 413 2662; x_wconf 84' lang='lat' dir='ltr'><strong>vertitur,</strong></span> <span class='ocrx_word' id='word_1_235' title='bbox 430 2588 533 2650; x_wconf 90' lang='lat' dir='ltr'><strong>vitium</strong></span> <span class='ocrx_word' id='word_1_236' title='bbox 544 2600 619 2650; x_wconf 84' lang='lat' dir='ltr'><strong>&#39;vero</strong></span> <span class='ocrx_word' id='word_1_237' title='bbox 641 2589 671 2649; x_wconf 94' lang='lat' dir='ltr'><strong>in</strong></span> <span class='ocrx_word' id='word_1_238' title='bbox 692 2609 814 2651; x_wconf 86' lang='lat' dir='ltr'><strong>excessu</strong></span> <span class='ocrx_word' id='word_1_239' title='bbox 832 2597 861 2650; x_wconf 92' lang='lat' dir='ltr'><strong>et</strong></span> <span class='ocrx_word' id='word_1_240' title='bbox 882 2589 999 2651; x_wconf 83' lang='lat' dir='ltr'><strong>deiectu</strong></span> <span class='ocrx_word' id='word_1_241' title='bbox 1018 2597 1047 2652; x_wconf 93' lang='lat' dir='ltr'><strong>et</strong></span> <span class='ocrx_word' id='word_1_242' title='bbox 1062 2591 1093 2651; x_wconf 92' lang='lat' dir='ltr'><strong>in</strong></span> <span class='ocrx_word' id='word_1_243' title='bbox 1115 2591 1231 2664; x_wconf 88' lang='lat' dir='ltr'><strong>iisdem,</strong></span> 
     </span>
     <span class='ocr_line' id='line_1_28' title="bbox 118 2676 1232 2757; baseline -0.001 -17"><span class='ocrx_word' id='word_1_244' title='bbox 118 2679 150 2740; x_wconf 94' lang='lat' dir='ltr'><strong>in</strong></span> <span class='ocrx_word' id='word_1_245' title='bbox 172 2677 278 2757; x_wconf 92' lang='lat' dir='ltr'><strong>quibus</strong></span> <span class='ocrx_word' id='word_1_246' title='bbox 296 2678 405 2749; x_wconf 89' lang='lat' dir='ltr'><strong>virtus,</strong></span> <span class='ocrx_word' id='word_1_247' title='bbox 434 2684 582 2738; x_wconf 88' lang='lat' dir='ltr'><strong>versatur:</strong></span> <span class='ocrx_word' id='word_1_248' title='bbox 612 2676 750 2738; x_wconf 87' lang='lat' dir='ltr'><strong>virtutem</strong></span> <span class='ocrx_word' id='word_1_249' title='bbox 775 2678 919 2738; x_wconf 89' lang='lat' dir='ltr'><strong>moralem</strong></span> <span class='ocrx_word' id='word_1_250' title='bbox 951 2697 1075 2739; x_wconf 87' lang='lat' dir='ltr'><strong>necesse</strong></span> <span class='ocrx_word' id='word_1_251' title='bbox 1099 2685 1232 2739; x_wconf 90' lang='lat' dir='ltr'><strong>estesse</strong></span> 
     </span>
     <span class='ocr_line' id='line_1_29' title="bbox 117 2758 1231 2844; baseline -0.001 -17"><span class='ocrx_word' id='word_1_252' title='bbox 117 2764 251 2827; x_wconf 91' lang='lat' dir='ltr'><strong>habitum</strong></span> <span class='ocrx_word' id='word_1_253' title='bbox 270 2765 320 2844; x_wconf 91' lang='lat' dir='ltr'><strong>qui</strong></span> <span class='ocrx_word' id='word_1_254' title='bbox 342 2766 494 2826; x_wconf 86' lang='lat' dir='ltr'><strong>voluntate</strong></span> <span class='ocrx_word' id='word_1_255' title='bbox 521 2765 681 2825; x_wconf 90' lang='lat' dir='ltr'><strong>deliberata</strong></span> <span class='ocrx_word' id='word_1_256' title='bbox 704 2765 791 2843; x_wconf 83' lang='lat' dir='ltr'><strong>eligat</strong></span> <span class='ocrx_word' id='word_1_257' title='bbox 818 2758 874 2825; x_wconf 87' lang='lat' dir='ltr'><strong>&#39;sihi</strong></span> <span class='ocrx_word' id='word_1_258' title='bbox 898 2783 963 2826; x_wconf 93' lang='lat' dir='ltr'><strong>eam</strong></span> <span class='ocrx_word' id='word_1_259' title='bbox 986 2766 1231 2839; x_wconf 88' lang='lat' dir='ltr'><strong>mediocritatem,</strong></span> 
     </span>
     <span class='ocr_line' id='line_1_30' title="bbox 118 2851 1231 2935; baseline 0.001 -23"><span class='ocrx_word' id='word_1_260' title='bbox 118 2871 194 2935; x_wconf 91' lang='lat' dir='ltr'><strong>quae</strong></span> <span class='ocrx_word' id='word_1_261' title='bbox 216 2860 262 2914; x_wconf 88' lang='lat' dir='ltr'><strong>est</strong></span> <span class='ocrx_word' id='word_1_262' title='bbox 283 2853 375 2913; x_wconf 89' lang='lat' dir='ltr'><strong>relata</strong></span> <span class='ocrx_word' id='word_1_263' title='bbox 398 2853 435 2913; x_wconf 90' lang='lat' dir='ltr'><strong>ad</strong></span> <span class='ocrx_word' id='word_1_264' title='bbox 457 2871 513 2913; x_wconf 92' lang='lat' dir='ltr'><strong>nos</strong></span> <span class='ocrx_word' id='word_1_265' title='bbox 535 2852 565 2913; x_wconf 94' lang='lat' dir='ltr'><strong>in</strong></span> <span class='ocrx_word' id='word_1_266' title='bbox 585 2852 723 2913; x_wconf 91' lang='lat' dir='ltr'><strong>iucundis</strong></span> <span class='ocrx_word' id='word_1_267' title='bbox 747 2860 777 2912; x_wconf 90' lang='lat' dir='ltr'><strong>et</strong></span> <span class='ocrx_word' id='word_1_268' title='bbox 798 2851 940 2924; x_wconf 84' lang='lat' dir='ltr'><strong>molestis,</strong></span> <span class='ocrx_word' id='word_1_269' title='bbox 965 2871 1094 2930; x_wconf 91' lang='lat' dir='ltr'><strong>quorum</strong></span> <span class='ocrx_word' id='word_1_270' title='bbox 1116 2853 1231 2914; x_wconf 91' lang='lat' dir='ltr'><strong>ratione</strong></span> 
     </span>
    </p>

    <p class='ocr_par' dir='ltr' id='par_1_8' title="bbox 73 2939 1279 3188">
     <span class='ocr_line' id='line_1_31' title="bbox 73 2939 1231 3020; baseline 0.002 -21"><span class='ocrx_word' id='word_1_271' title='bbox 73 2955 99 2999; x_wconf 86' lang='lat' dir='ltr'><strong>ro</strong></span> <span class='ocrx_word' id='word_1_272' title='bbox 120 2940 225 3020; x_wconf 92' lang='lat' dir='ltr'><strong>aliquis</strong></span> <span class='ocrx_word' id='word_1_273' title='bbox 244 2939 377 3003; x_wconf 90' lang='lat' dir='ltr'><strong>moribus</strong></span> <span class='ocrx_word' id='word_1_274' title='bbox 400 2942 633 3002; x_wconf 79' lang='lat' dir='ltr'><strong>curicsdommodi</strong></span> <span class='ocrx_word' id='word_1_275' title='bbox 650 2959 717 3000; x_wconf 90' lang='lat' dir='ltr'><strong>esse</strong></span> <span class='ocrx_word' id='word_1_276' title='bbox 738 2939 863 3011; x_wconf 82' lang='lat' dir='ltr'><strong>dicitur,</strong></span> <span class='ocrx_word' id='word_1_277' title='bbox 892 2939 954 2999; x_wconf 87' lang='lat' dir='ltr'><strong>sive</strong></span> <span class='ocrx_word' id='word_1_278' title='bbox 976 2940 1025 2998; x_wconf 93' lang='lat' dir='ltr'><strong>ille</strong></span> <span class='ocrx_word' id='word_1_279' title='bbox 1047 2939 1146 3000; x_wconf 88' lang='lat' dir='ltr'><strong>doleat</strong></span> <span class='ocrx_word' id='word_1_280' title='bbox 1170 2940 1231 3001; x_wconf 88' lang='lat' dir='ltr'><strong>sive</strong></span> 
     </span>
     <span class='ocr_line' id='line_1_32' title="bbox 118 3026 1230 3108; baseline -0.002 -19"><span class='ocrx_word' id='word_1_281' title='bbox 118 3028 260 3108; x_wconf 81' lang='lat' dir='ltr'><strong>gaudeat:</strong></span> <span class='ocrx_word' id='word_1_282' title='bbox 290 3047 358 3090; x_wconf 91' lang='lat' dir='ltr'><strong>nam</strong></span> <span class='ocrx_word' id='word_1_283' title='bbox 380 3028 488 3099; x_wconf 89' lang='lat' dir='ltr'><strong>homo,</strong></span> <span class='ocrx_word' id='word_1_284' title='bbox 516 3028 566 3108; x_wconf 92' lang='lat' dir='ltr'><strong>qui</strong></span> <span class='ocrx_word' id='word_1_285' title='bbox 589 3026 717 3106; x_wconf 86' lang='lat' dir='ltr'><strong>exempli</strong></span> <span class='ocrx_word' id='word_1_286' title='bbox 739 3026 831 3104; x_wconf 79' lang='lat' dir='ltr'><strong>gratia</strong></span> <span class='ocrx_word' id='word_1_287' title='bbox 853 3044 901 3085; x_wconf 90' lang='lat' dir='ltr'><strong>res</strong></span> <span class='ocrx_word' id='word_1_288' title='bbox 925 3026 1026 3087; x_wconf 90' lang='lat' dir='ltr'><strong>dulces</strong></span> <span class='ocrx_word' id='word_1_289' title='bbox 1049 3026 1096 3086; x_wconf 92' lang='lat' dir='ltr'><strong>vel</strong></span> <span class='ocrx_word' id='word_1_290' title='bbox 1117 3044 1230 3088; x_wconf 90' lang='lat' dir='ltr'><strong>amaras</strong></span> 
     </span>
     <span class='ocr_line' id='line_1_33' title="bbox 119 3112 1279 3188; baseline -0.001 -11"><span class='ocrx_word' id='word_1_291' title='bbox 119 3123 206 3188; x_wconf 88' lang='lat' dir='ltr'><strong>amat,</strong></span> <span class='ocrx_word' id='word_1_292' title='bbox 227 3134 288 3176; x_wconf 91' lang='lat' dir='ltr'><strong>non</strong></span> <span class='ocrx_word' id='word_1_293' title='bbox 311 3115 420 3177; x_wconf 90' lang='lat' dir='ltr'><strong>dicitur</strong></span> <span class='ocrx_word' id='word_1_294' title='bbox 442 3135 507 3177; x_wconf 88' lang='lat' dir='ltr'><strong>esse</strong></span> <span class='ocrx_word' id='word_1_295' title='bbox 531 3115 764 3177; x_wconf 70' lang='lat' dir='ltr'><strong>curcedommocb&#39;</strong></span> <span class='ocrx_word' id='word_1_296' title='bbox 782 3112 924 3174; x_wconf 77' lang='lat' dir='ltr'><strong>moribus,</strong></span> <span class='ocrx_word' id='word_1_297' title='bbox 1275 3170 1279 3176; x_wconf 90' lang='lat'><em>.</em></span> 
     </span>
    </p>

    <p class='ocr_par' dir='ltr' id='par_1_9' title="bbox 73 3198 1232 3547">
     <span class='ocr_line' id='line_1_34' title="bbox 73 3198 1231 3284; baseline -0.007 -15"><span class='ocrx_word' id='word_1_298' title='bbox 73 3198 114 3269; x_wconf 90' lang='lat' dir='ltr'><strong>ll</strong></span> <span class='ocrx_word' id='word_1_299' title='bbox 202 3203 255 3265; x_wconf 90' lang='lat' dir='ltr'><strong>His</strong></span> <span class='ocrx_word' id='word_1_300' title='bbox 278 3204 445 3265; x_wconf 86' lang='lat' dir='ltr'><strong>constitutis</strong></span> <span class='ocrx_word' id='word_1_301' title='bbox 468 3211 634 3284; x_wconf 81' lang='lat' dir='ltr'><strong>quaeratur,</strong></span> <span class='ocrx_word' id='word_1_302' title='bbox 659 3210 759 3263; x_wconf 89' lang='lat' dir='ltr'><strong>utrum</strong></span> <span class='ocrx_word' id='word_1_303' title='bbox 781 3202 872 3262; x_wconf 89' lang='lat' dir='ltr'><strong>virtus</strong></span> <span class='ocrx_word' id='word_1_304' title='bbox 896 3200 1001 3261; x_wconf 84' lang='lat' dir='ltr'><strong>efficiat</strong></span> <span class='ocrx_word' id='word_1_305' title='bbox 1021 3208 1135 3262; x_wconf 88' lang='lat' dir='ltr'><strong>utnon</strong></span> <span class='ocrx_word' id='word_1_306' title='bbox 1158 3219 1231 3283; x_wconf 74' lang='lat' dir='ltr'><strong>pec-</strong></span> 
     </span>
     <span class='ocr_line' id='line_1_35' title="bbox 118 3289 1230 3368; baseline 0.001 -16"><span class='ocrx_word' id='word_1_307' title='bbox 118 3299 166 3353; x_wconf 91' lang='lat' dir='ltr'><strong>cet</strong></span> <span class='ocrx_word' id='word_1_308' title='bbox 187 3291 323 3352; x_wconf 83' lang='lat' dir='ltr'><strong>voluntas</strong></span> <span class='ocrx_word' id='word_1_309' title='bbox 346 3292 508 3353; x_wconf 79' lang='lat' dir='ltr'><strong>deliberata</strong></span> <span class='ocrx_word' id='word_1_310' title='bbox 528 3299 557 3352; x_wconf 89' lang='lat' dir='ltr'><strong>et</strong></span> <span class='ocrx_word' id='word_1_311' title='bbox 578 3299 612 3352; x_wconf 87' lang='lat' dir='ltr'><strong>ut</strong></span> <span class='ocrx_word' id='word_1_312' title='bbox 631 3291 698 3351; x_wconf 86' lang='lat' dir='ltr'><strong>linis</strong></span> <span class='ocrx_word' id='word_1_313' title='bbox 717 3297 817 3351; x_wconf 92' lang='lat' dir='ltr'><strong>rectus</strong></span> <span class='ocrx_word' id='word_1_314' title='bbox 839 3289 887 3361; x_wconf 91' lang='lat' dir='ltr'><strong>sit,</strong></span> <span class='ocrx_word' id='word_1_315' title='bbox 910 3289 950 3349; x_wconf 90' lang='lat' dir='ltr'><strong>ita</strong></span> <span class='ocrx_word' id='word_1_316' title='bbox 968 3297 1002 3350; x_wconf 88' lang='lat' dir='ltr'><strong>ut</strong></span> <span class='ocrx_word' id='word_1_317' title='bbox 1019 3296 1144 3368; x_wconf 89' lang='lat' dir='ltr'><strong>propter</strong></span> <span class='ocrx_word' id='word_1_318' title='bbox 1161 3290 1230 3356; x_wconf 81' lang='lat' dir='ltr'><strong>hoc,</strong></span> 
     </span>
     <span class='ocr_line' id='line_1_36' title="bbox 118 3376 1231 3461; baseline -0.002 -21"><span class='ocrx_word' id='word_1_319' title='bbox 118 3386 245 3461; x_wconf 91' lang='lat' dir='ltr'><strong>propter</strong></span> <span class='ocrx_word' id='word_1_320' title='bbox 267 3379 347 3457; x_wconf 91' lang='lat' dir='ltr'><strong>quod</strong></span> <span class='ocrx_word' id='word_1_321' title='bbox 368 3379 486 3452; x_wconf 80' lang='lat' dir='ltr'><strong>debean,</strong></span> <span class='ocrx_word' id='word_1_322' title='bbox 509 3381 654 3449; x_wconf 90' lang='lat' dir='ltr'><strong>voluntas,</strong></span> <span class='ocrx_word' id='word_1_323' title='bbox 678 3378 808 3438; x_wconf 90' lang='lat' dir='ltr'><strong>adhibito</strong></span> <span class='ocrx_word' id='word_1_324' title='bbox 829 3376 917 3438; x_wconf 85' lang='lat' dir='ltr'><strong>officii</strong></span> <span class='ocrx_word' id='word_1_325' title='bbox 937 3377 1063 3449; x_wconf 82' lang='lat' dir='ltr'><strong>delectu,</strong></span> <span class='ocrx_word' id='word_1_326' title='bbox 1087 3377 1231 3457; x_wconf 90' lang='lat' dir='ltr'><strong>suseipia-</strong></span> 
     </span>
     <span class='ocr_line' id='line_1_37' title="bbox 119 3465 1232 3547; baseline -0.002 -19"><span class='ocrx_word' id='word_1_327' title='bbox 119 3474 183 3530; x_wconf 90' lang='lat' dir='ltr'><strong>tur:</strong></span> <span class='ocrx_word' id='word_1_328' title='bbox 213 3486 268 3537; x_wconf 87' lang='lat' dir='ltr'><strong>an,</strong></span> <span class='ocrx_word' id='word_1_329' title='bbox 299 3474 331 3528; x_wconf 92' lang='lat' dir='ltr'><strong>ut</strong></span> <span class='ocrx_word' id='word_1_330' title='bbox 353 3467 529 3547; x_wconf 90' lang='lat' dir='ltr'><strong>quibusdam</strong></span> <span class='ocrx_word' id='word_1_331' title='bbox 559 3467 689 3539; x_wconf 83' lang='lat' dir='ltr'><strong>videtur,</strong></span> <span class='ocrx_word' id='word_1_332' title='bbox 723 3465 868 3527; x_wconf 91' lang='lat' dir='ltr'><strong>rationem</strong></span> <span class='ocrx_word' id='word_1_333' title='bbox 898 3465 1003 3526; x_wconf 89' lang='lat' dir='ltr'><strong>reddat</strong></span> <span class='ocrx_word' id='word_1_334' title='bbox 1029 3473 1150 3526; x_wconf 88' lang='lat' dir='ltr'><strong>rectam.</strong></span> <span class='ocrx_word' id='word_1_335' title='bbox 1194 3465 1232 3526; x_wconf 79' lang='lat' dir='ltr'><strong>lt</strong></span> 
     </span>
    </p>

    <p class='ocr_par' dir='ltr' id='par_1_10' title="bbox 73 3553 1231 3986">
     <span class='ocr_line' id='line_1_38' title="bbox 73 3553 1229 3635; baseline -0.005 -15"><span class='ocrx_word' id='word_1_336' title='bbox 73 3575 99 3620; x_wconf 75' lang='lat' dir='ltr'><strong>m</strong></span> <span class='ocrx_word' id='word_1_337' title='bbox 118 3574 190 3616; x_wconf 87' lang='lat' dir='ltr'><strong>vero</strong></span> <span class='ocrx_word' id='word_1_338' title='bbox 211 3555 361 3635; x_wconf 89' lang='lat' dir='ltr'><strong>posterius</strong></span> <span class='ocrx_word' id='word_1_339' title='bbox 381 3554 470 3615; x_wconf 83' lang='lat' dir='ltr'><strong>elficit</strong></span> <span class='ocrx_word' id='word_1_340' title='bbox 489 3555 685 3615; x_wconf 90' lang='lat' dir='ltr'><strong>continentia:</strong></span> <span class='ocrx_word' id='word_1_341' title='bbox 705 3554 779 3615; x_wconf 89' lang='lat' dir='ltr'><strong>baec</strong></span> <span class='ocrx_word' id='word_1_342' title='bbox 803 3554 882 3615; x_wconf 91' lang='lat' dir='ltr'><strong>enim</strong></span> <span class='ocrx_word' id='word_1_343' title='bbox 900 3560 1056 3615; x_wconf 87' lang='lat' dir='ltr'><strong>conservat</strong></span> <span class='ocrx_word' id='word_1_344' title='bbox 1074 3553 1229 3615; x_wconf 89' lang='lat' dir='ltr'><strong>rationem.</strong></span> 
     </span>
     <span class='ocr_line' id='line_1_39' title="bbox 118 3640 1231 3721; baseline -0.001 -18"><span class='ocrx_word' id='word_1_345' title='bbox 118 3642 289 3704; x_wconf 79' lang='lat' dir='ltr'><strong>[dstantem</strong></span> <span class='ocrx_word' id='word_1_346' title='bbox 315 3643 394 3704; x_wconf 91' lang='lat' dir='ltr'><strong>aliud</strong></span> <span class='ocrx_word' id='word_1_347' title='bbox 415 3643 523 3714; x_wconf 82' lang='lat' dir='ltr'><strong>virtue,</strong></span> <span class='ocrx_word' id='word_1_348' title='bbox 554 3640 632 3704; x_wconf 88' lang='lat' dir='ltr'><strong>aliud</strong></span> <span class='ocrx_word' id='word_1_349' title='bbox 660 3642 857 3704; x_wconf 89' lang='lat' dir='ltr'><strong>continentia:</strong></span> <span class='ocrx_word' id='word_1_350' title='bbox 880 3661 937 3721; x_wconf 91' lang='lat' dir='ltr'><strong>qua</strong></span> <span class='ocrx_word' id='word_1_351' title='bbox 961 3643 997 3703; x_wconf 94' lang='lat' dir='ltr'><strong>de</strong></span> <span class='ocrx_word' id='word_1_352' title='bbox 1023 3661 1056 3702; x_wconf 92' lang='lat' dir='ltr'><strong>re</strong></span> <span class='ocrx_word' id='word_1_353' title='bbox 1075 3642 1152 3703; x_wconf 85' lang='lat' dir='ltr'><strong>infra</strong></span> <span class='ocrx_word' id='word_1_354' title='bbox 1175 3641 1231 3703; x_wconf 90' lang='lat' dir='ltr'><strong>erit</strong></span> 
     </span>
     <span class='ocr_line' id='line_1_40' title="bbox 118 3729 1230 3810; baseline -0.004 -17"><span class='ocrx_word' id='word_1_355' title='bbox 118 3730 237 3792; x_wconf 92' lang='lat' dir='ltr'><strong>dicendi</strong></span> <span class='ocrx_word' id='word_1_356' title='bbox 254 3730 355 3791; x_wconf 90' lang='lat' dir='ltr'><strong>locus:</strong></span> <span class='ocrx_word' id='word_1_357' title='bbox 385 3750 454 3793; x_wconf 92' lang='lat' dir='ltr'><strong>nam</strong></span> <span class='ocrx_word' id='word_1_358' title='bbox 478 3730 584 3810; x_wconf 90' lang='lat' dir='ltr'><strong>quibus</strong></span> <span class='ocrx_word' id='word_1_359' title='bbox 607 3730 699 3791; x_wconf 88' lang='lat' dir='ltr'><strong>virtus</strong></span> <span class='ocrx_word' id='word_1_360' title='bbox 722 3731 868 3791; x_wconf 88' lang='lat' dir='ltr'><strong>rationem</strong></span> <span class='ocrx_word' id='word_1_361' title='bbox 891 3738 1003 3791; x_wconf 90' lang='lat' dir='ltr'><strong>rectam</strong></span> <span class='ocrx_word' id='word_1_362' title='bbox 1023 3731 1168 3809; x_wconf 90' lang='lat' dir='ltr'><strong>praebere</strong></span> <span class='ocrx_word' id='word_1_363' title='bbox 1186 3729 1230 3789; x_wconf 87' lang='lat' dir='ltr'><strong>vi-</strong></span> 
     </span>
     <span class='ocr_line' id='line_1_41' title="bbox 120 3816 1230 3898; baseline -0.003 -19"><span class='ocrx_word' id='word_1_364' title='bbox 120 3818 217 3891; x_wconf 83' lang='lat' dir='ltr'><strong>detur,</strong></span> <span class='ocrx_word' id='word_1_365' title='bbox 239 3819 297 3880; x_wconf 93' lang='lat' dir='ltr'><strong>hoc</strong></span> <span class='ocrx_word' id='word_1_366' title='bbox 320 3837 426 3880; x_wconf 87' lang='lat' dir='ltr'><strong>causae</strong></span> <span class='ocrx_word' id='word_1_367' title='bbox 448 3826 502 3891; x_wconf 88' lang='lat' dir='ltr'><strong>est,</strong></span> <span class='ocrx_word' id='word_1_368' title='bbox 529 3819 609 3898; x_wconf 89' lang='lat' dir='ltr'><strong>quod</strong></span> <span class='ocrx_word' id='word_1_369' title='bbox 629 3818 839 3879; x_wconf 90' lang='lat' dir='ltr'><strong>continentiam</strong></span> <span class='ocrx_word' id='word_1_370' title='bbox 859 3837 921 3878; x_wconf 88' lang='lat' dir='ltr'><strong>non</strong></span> <span class='ocrx_word' id='word_1_371' title='bbox 945 3817 1118 3878; x_wconf 90' lang='lat' dir='ltr'><strong>discernunt</strong></span> <span class='ocrx_word' id='word_1_372' title='bbox 1139 3816 1230 3877; x_wconf 88' lang='lat' dir='ltr'><strong>avir-</strong></span> 
     </span>
     <span class='ocr_line' id='line_1_42' title="bbox 117 3904 1230 3986; baseline -0.002 -19"><span class='ocrx_word' id='word_1_373' title='bbox 117 3913 180 3967; x_wconf 89' lang='lat' dir='ltr'><strong>tute</strong></span> <span class='ocrx_word' id='word_1_374' title='bbox 202 3906 324 3978; x_wconf 88' lang='lat' dir='ltr'><strong>morali,</strong></span> <span class='ocrx_word' id='word_1_375' title='bbox 354 3914 384 3967; x_wconf 92' lang='lat' dir='ltr'><strong>et</strong></span> <span class='ocrx_word' id='word_1_376' title='bbox 405 3907 486 3986; x_wconf 91' lang='lat' dir='ltr'><strong>quod</strong></span> <span class='ocrx_word' id='word_1_377' title='bbox 509 3906 689 3968; x_wconf 90' lang='lat' dir='ltr'><strong>continentia</strong></span> <span class='ocrx_word' id='word_1_378' title='bbox 714 3913 759 3966; x_wconf 89' lang='lat' dir='ltr'><strong>est</strong></span> <span class='ocrx_word' id='word_1_379' title='bbox 787 3924 859 3966; x_wconf 88' lang='lat' dir='ltr'><strong>sane</strong></span> <span class='ocrx_word' id='word_1_380' title='bbox 890 3924 939 3966; x_wconf 91' lang='lat' dir='ltr'><strong>res</strong></span> <span class='ocrx_word' id='word_1_381' title='bbox 962 3904 1126 3965; x_wconf 90' lang='lat' dir='ltr'><strong>laudabilis.</strong></span> <span class='ocrx_word' id='word_1_382' title='bbox 1170 3904 1230 3965; x_wconf 86' lang='lat' dir='ltr'><strong>Sed</strong></span> 
     </span>
    </p>

    <p class='ocr_par' dir='ltr' id='par_1_11' title="bbox 73 3990 1230 4516">
     <span class='ocr_line' id='line_1_43' title="bbox 73 3990 1228 4075; baseline 0.001 -24"><span class='ocrx_word' id='word_1_383' title='bbox 73 4005 99 4051; x_wconf 75' lang='lat' dir='ltr'><strong>ro</strong></span> <span class='ocrx_word' id='word_1_384' title='bbox 118 3994 325 4075; x_wconf 88' lang='lat' dir='ltr'><strong>praemittatur</strong></span> <span class='ocrx_word' id='word_1_385' title='bbox 355 3994 506 4056; x_wconf 89' lang='lat' dir='ltr'><strong>dubitatio.</strong></span> <span class='ocrx_word' id='word_1_386' title='bbox 552 3994 671 4054; x_wconf 87' lang='lat' dir='ltr'><strong>Scilicet</strong></span> <span class='ocrx_word' id='word_1_387' title='bbox 697 3993 761 4054; x_wconf 87' lang='lat' dir='ltr'><strong>fieri</strong></span> <span class='ocrx_word' id='word_1_388' title='bbox 789 3999 889 4072; x_wconf 89' lang='lat' dir='ltr'><strong>potest</strong></span> <span class='ocrx_word' id='word_1_389' title='bbox 915 3998 948 4052; x_wconf 94' lang='lat' dir='ltr'><strong>ut</strong></span> <span class='ocrx_word' id='word_1_390' title='bbox 977 4010 1087 4071; x_wconf 91' lang='lat' dir='ltr'><strong>scopus</strong></span> <span class='ocrx_word' id='word_1_391' title='bbox 1109 3990 1228 4070; x_wconf 88' lang='lat' dir='ltr'><strong>quidem</strong></span> 
     </span>
     <span class='ocr_line' id='line_1_44' title="bbox 117 4079 1230 4162; baseline -0.003 -19"><span class='ocrx_word' id='word_1_392' title='bbox 117 4090 218 4143; x_wconf 89' lang='lat' dir='ltr'><strong>rectus</strong></span> <span class='ocrx_word' id='word_1_393' title='bbox 242 4081 289 4154; x_wconf 90' lang='lat' dir='ltr'><strong>sit,</strong></span> <span class='ocrx_word' id='word_1_394' title='bbox 312 4082 365 4143; x_wconf 92' lang='lat' dir='ltr'><strong>sed</strong></span> <span class='ocrx_word' id='word_1_395' title='bbox 391 4082 422 4143; x_wconf 94' lang='lat' dir='ltr'><strong>in</strong></span> <span class='ocrx_word' id='word_1_396' title='bbox 444 4081 490 4155; x_wconf 86' lang='lat' dir='ltr'><strong>iis,</strong></span> <span class='ocrx_word' id='word_1_397' title='bbox 512 4101 586 4162; x_wconf 87' lang='lat' dir='ltr'><strong>quae</strong></span> <span class='ocrx_word' id='word_1_398' title='bbox 610 4083 706 4142; x_wconf 87' lang='lat' dir='ltr'><strong>serant</strong></span> <span class='ocrx_word' id='word_1_399' title='bbox 728 4081 765 4141; x_wconf 89' lang='lat' dir='ltr'><strong>ad</strong></span> <span class='ocrx_word' id='word_1_400' title='bbox 787 4098 923 4159; x_wconf 86' lang='lat' dir='ltr'><strong>scopum,</strong></span> <span class='ocrx_word' id='word_1_401' title='bbox 948 4086 1080 4139; x_wconf 89' lang='lat' dir='ltr'><strong>erretur:</strong></span> <span class='ocrx_word' id='word_1_402' title='bbox 1099 4079 1230 4157; x_wconf 87' lang='lat' dir='ltr'><strong>itemque</strong></span> 
     </span>
     <span class='ocr_line' id='line_1_45' title="bbox 118 4166 1230 4251; baseline -0.004 -21"><span class='ocrx_word' id='word_1_403' title='bbox 118 4168 183 4231; x_wconf 83' lang='lat' dir='ltr'><strong>lieri</strong></span> <span class='ocrx_word' id='word_1_404' title='bbox 206 4177 306 4251; x_wconf 89' lang='lat' dir='ltr'><strong>potest</strong></span> <span class='ocrx_word' id='word_1_405' title='bbox 324 4176 357 4232; x_wconf 91' lang='lat' dir='ltr'><strong>ut</strong></span> <span class='ocrx_word' id='word_1_406' title='bbox 378 4169 408 4231; x_wconf 93' lang='lat' dir='ltr'><strong>in</strong></span> <span class='ocrx_word' id='word_1_407' title='bbox 431 4189 524 4251; x_wconf 90' lang='lat' dir='ltr'><strong>scopo</strong></span> <span class='ocrx_word' id='word_1_408' title='bbox 548 4177 677 4231; x_wconf 89' lang='lat' dir='ltr'><strong>erratum</strong></span> <span class='ocrx_word' id='word_1_409' title='bbox 697 4167 749 4240; x_wconf 86' lang='lat' dir='ltr'><strong>sit,</strong></span> <span class='ocrx_word' id='word_1_410' title='bbox 780 4167 833 4227; x_wconf 91' lang='lat' dir='ltr'><strong>sed</strong></span> <span class='ocrx_word' id='word_1_411' title='bbox 862 4185 936 4247; x_wconf 90' lang='lat' dir='ltr'><strong>quae</strong></span> <span class='ocrx_word' id='word_1_412' title='bbox 962 4167 1099 4227; x_wconf 90' lang='lat' dir='ltr'><strong>adhunc</strong></span> <span class='ocrx_word' id='word_1_413' title='bbox 1121 4166 1230 4226; x_wconf 84' lang='lat' dir='ltr'><strong>ducant</strong></span> 
     </span>
     <span class='ocr_line' id='line_1_46' title="bbox 119 4253 1228 4338; baseline -0.005 -20"><span class='ocrx_word' id='word_1_414' title='bbox 119 4275 153 4318; x_wconf 90' lang='lat' dir='ltr'><strong>ea</strong></span> <span class='ocrx_word' id='word_1_415' title='bbox 172 4265 253 4319; x_wconf 90' lang='lat' dir='ltr'><strong>recte</strong></span> <span class='ocrx_word' id='word_1_416' title='bbox 276 4277 308 4319; x_wconf 87' lang='lat' dir='ltr'><strong>se</strong></span> <span class='ocrx_word' id='word_1_417' title='bbox 327 4259 468 4320; x_wconf 88' lang='lat' dir='ltr'><strong>habeant:</strong></span> <span class='ocrx_word' id='word_1_418' title='bbox 489 4258 616 4338; x_wconf 90' lang='lat' dir='ltr'><strong>denique</strong></span> <span class='ocrx_word' id='word_1_419' title='bbox 636 4256 700 4318; x_wconf 89' lang='lat' dir='ltr'><strong>fieri</strong></span> <span class='ocrx_word' id='word_1_420' title='bbox 715 4262 815 4336; x_wconf 91' lang='lat' dir='ltr'><strong>potest</strong></span> <span class='ocrx_word' id='word_1_421' title='bbox 836 4262 869 4316; x_wconf 93' lang='lat' dir='ltr'><strong>ut</strong></span> <span class='ocrx_word' id='word_1_422' title='bbox 885 4260 1024 4316; x_wconf 88' lang='lat' dir='ltr'><strong>neutrum</strong></span> <span class='ocrx_word' id='word_1_423' title='bbox 1047 4261 1162 4314; x_wconf 90' lang='lat' dir='ltr'><strong>rectum</strong></span> <span class='ocrx_word' id='word_1_424' title='bbox 1182 4253 1228 4314; x_wconf 88' lang='lat' dir='ltr'><strong>sit.</strong></span> 
     </span>
     <span class='ocr_line' id='line_1_47' title="bbox 117 4337 1229 4427; baseline -0.003 -24"><span class='ocrx_word' id='word_1_425' title='bbox 117 4344 216 4406; x_wconf 87' lang='lat' dir='ltr'><strong>Virlus</strong></span> <span class='ocrx_word' id='word_1_426' title='bbox 238 4365 309 4408; x_wconf 89' lang='lat' dir='ltr'><strong>vero</strong></span> <span class='ocrx_word' id='word_1_427' title='bbox 333 4364 498 4427; x_wconf 90' lang='lat' dir='ltr'><strong>scopumne</strong></span> <span class='ocrx_word' id='word_1_428' title='bbox 519 4345 604 4417; x_wconf 86' lang='lat' dir='ltr'><strong>lacit,</strong></span> <span class='ocrx_word' id='word_1_429' title='bbox 634 4364 672 4405; x_wconf 89' lang='lat' dir='ltr'><strong>au</strong></span> <span class='ocrx_word' id='word_1_430' title='bbox 696 4363 745 4416; x_wconf 87' lang='lat' dir='ltr'><strong>ca,</strong></span> <span class='ocrx_word' id='word_1_431' title='bbox 777 4362 851 4423; x_wconf 90' lang='lat' dir='ltr'><strong>quae</strong></span> <span class='ocrx_word' id='word_1_432' title='bbox 877 4343 986 4405; x_wconf 86' lang='lat' dir='ltr'><strong>ducant</strong></span> <span class='ocrx_word' id='word_1_433' title='bbox 1013 4341 1050 4402; x_wconf 90' lang='lat' dir='ltr'><strong>ad</strong></span> <span class='ocrx_word' id='word_1_434' title='bbox 1079 4337 1229 4422; x_wconf 73' lang='lat' dir='ltr'><strong>scopum?</strong></span> 
     </span>
     <span class='ocr_line' id='line_1_48' title="bbox 120 4429 1229 4516; baseline -0.003 -23"><span class='ocrx_word' id='word_1_435' title='bbox 120 4432 263 4515; x_wconf 88' lang='lat' dir='ltr'><strong>Scopum‚</strong></span> <span class='ocrx_word' id='word_1_436' title='bbox 285 4434 521 4516; x_wconf 86' lang='lat' dir='ltr'><strong>respondemus:</strong></span> <span class='ocrx_word' id='word_1_437' title='bbox 543 4452 611 4496; x_wconf 90' lang='lat' dir='ltr'><strong>nam</strong></span> <span class='ocrx_word' id='word_1_438' title='bbox 633 4431 720 4496; x_wconf 90' lang='lat' dir='ltr'><strong>buius</strong></span> <span class='ocrx_word' id='word_1_439' title='bbox 742 4450 800 4495; x_wconf 92' lang='lat' dir='ltr'><strong>nec</strong></span> <span class='ocrx_word' id='word_1_440' title='bbox 823 4430 1006 4495; x_wconf 91' lang='lat' dir='ltr'><strong>ratiocinatio</strong></span> <span class='ocrx_word' id='word_1_441' title='bbox 1025 4448 1082 4494; x_wconf 89' lang='lat' dir='ltr'><strong>nec</strong></span> <span class='ocrx_word' id='word_1_442' title='bbox 1105 4429 1229 4493; x_wconf 90' lang='lat' dir='ltr'><strong>demon-</strong></span> 
     </span>
    </p>
   </div>
   <div class='ocr_carea' id='block_1_3' title="bbox 0 0 1392 4836">
    <p class='ocr_par' dir='ltr' id='par_1_12' title="bbox 0 0 1392 4836">
     <span class='ocr_line' id='line_1_49' title="bbox 0 0 1392 4836; baseline 0 1"><span class='ocrx_word' id='word_1_443' title='bbox 0 0 1392 4836; x_wconf 95' lang='lat' dir='ltr'><strong> </strong></span> 
     </span>
    </p>
   </div>
  </div>
 </body>
</html>
