2784 4838
139 205 218 290 ata
693 210 721 292 1.
747 214 784 291 2,

94 448 97 453 -
138 401 226 457 ¹²¹⁴·b·
315 403 402 482 Quod
424 406 450 468 si
468 403 527 468 boc
545 414 728 488 reputamus,
750 423 1007 491 unumquemque,
1030 409 1081 490 qui
1104 416 1204 473 certus
1228 410 1340 476 condlii

203 454 294 557 2esse
308 493 413 576 possit,
432 512 605 575 proponere
620 496 676 559 sibi
698 495 826 577 aliquem
843 497 921 559 bene
943 496 1061 560 vivendi
1083 496 1185 573 finem,
1207 499 1271 562 sire
1285 501 1340 563 bo·

224 601 325 657 nores,
342 582 404 645 sire
416 582 549 661 gloriam,
572 584 633 646 sive
653 582 777 658 divitias,
799 584 862 647 sive
877 585 1052 659 docuinam,
1067 584 1099 647 in
1118 603 1208 667 quern
1221 586 1338 651 intuens

181 684 207 730 ιο
226 689 330 733 omnes
343 670 474 733 actiones
491 689 559 734 suas
573 672 741 735 conformet
755 672 837 753 (nam
851 692 912 736 nou
928 692 994 736 esse
1006 674 1095 735 uitam
1110 673 1148 736 ad
1160 682 1277 737 certum
1287 676 1338 739 ali·

224 777 313 841 quem
329 758 420 821 finem
439 760 643 841 compositam,
664 760 804 823 stultitiae
827 779 950 841 magnae
969 763 1088 841 signum
1103 759 1179 841 est):
1201 763 1283 844 quod
1305 766 1338 839 si,

225 848 363 928 inquam,
391 847 449 908 hoc
468 856 657 929 reputamus,
681 857 749 910 ante
769 849 867 911 omnia
886 849 982 923 nobis,
1002 867 1118 912 summa
1140 848 1294 930 diligentia
1311 861 1340 915 et

224 935 369 1014 religione
387 935 532 1010 adbibita,
564 937 805 999 constituendum
827 945 888 1011 est,
920 937 950 999 in
970 955 1099 1019 quonam
1119 955 1242 1013 eorum,
1265 958 1339 1021 quae

224 1030 328 1086 nostra
345 1040 411 1083 esse
430 1023 563 1099 dicimus,
585 1024 655 1086 insit
671 1024 745 1086 illud
762 1024 833 1087 dene
848 1029 957 1097 aione,
976 1035 1005 1087 et
1023 1042 1098 1106 quae
1115 1025 1176 1087 sint
1195 1025 1256 1100 illa,
1276 1027 1340 1091 sine

225 1110 332 1191 quibus
351 1110 425 1172 illud
443 1112 616 1193 contingere
632 1112 802 1174 bominibus
824 1122 961 1192 nequeat.
997 1112 1070 1175 Nam
1089 1114 1340 1193 quemadmodum

180 1207 207 1252 ¹⁵
225 1216 287 1260 non
305 1197 385 1259 idem
405 1207 450 1261 est
466 1199 569 1264 volere
588 1209 617 1262 et
633 1199 674 1274 id,
695 1204 759 1263 setae
776 1219 832 1282 quc
848 1201 946 1263 valere
964 1218 1104 1282 nequeas,
1122 1200 1214 1264 etsie
1232 1221 1338 1284 porro:

224 1286 267 1348 sic
283 1303 343 1348 non
362 1295 408 1349 est
421 1287 501 1350 idem
521 1289 591 1352 dene
610 1291 710 1351 vicen
726 1295 756 1349 et
773 1288 814 1362 id,
831 1293 895 1351 sine
911 1307 967 1371 quc
983 1306 1114 1369 nequeas
1133 1288 1214 1352 bene
1231 1290 1338 1353 vivere.

224 1374 339 1437 Horum
356 1383 455 1438 autem
476 1376 532 1437 alia
552 1394 614 1438 non
629 1383 704 1439 sunt
732 1376 855 1457 propria
877 1376 1052 1439 valetudinis
1080 1394 1139 1439 nec
1162 1376 1258 1452 ritae,
1285 1380 1339 1441 sed

224 1461 392 1525 eommunia
420 1463 575 1533 omnibus,
607 1472 640 1524 ut
668 1464 707 1525 ita
737 1465 848 1538 dicam,
876 1473 907 1526 et
927 1464 1075 1527 habitibus
1104 1472 1135 1526 et
1157 1464 1339 1529 actionibus:

179 1562 206 1607 aa
225 1549 306 1612 velut
327 1550 392 1611 sine
411 1550 548 1615 facultate
570 1551 738 1633 respirandi
760 1551 805 1613 vel
834 1551 972 1631 vigilandi
996 1551 1043 1619 vel
1061 1551 1202 1615 morendi
1224 1552 1340 1616 nullum

222 1638 310 1700 nobis
325 1637 438 1701 inesset
455 1658 552 1720 neque
569 1640 682 1702 bonum
699 1657 797 1721 neque
817 1639 942 1701 malum:
965 1638 1020 1701 alia
1039 1646 1143 1701 oontm
1157 1640 1251 1721 magis
1268 1660 1341 1722 pro·

223 1725 288 1807 pria
317 1724 441 1804 singulis
466 1728 579 1790 naturis
608 1736 694 1801 sunt,
725 1745 800 1807 quae
828 1726 959 1807 ignorari
980 1744 1041 1789 non
1065 1726 1185 1789 debent.
1237 1726 1341 1810 Neque

225 1813 304 1875 enim
328 1814 434 1876 eodem
456 1817 547 1877 modo
568 1816 677 1888 utilia,
701 1833 775 1896 quae
796 1815 887 1876 modo
908 1813 1147 1894 significavimus,
1168 1813 1208 1876 ad
1228 1815 1340 1883 bonam

224 1901 360 1981 corporis
378 1900 581 1967 habitudinem
603 1903 672 1965 facit
701 1921 769 1964 esus
792 1902 924 1965 carnium
948 1909 976 1964 et
999 1908 1069 1982 post
1090 1919 1216 1969 coenam
1238 1903 1341 1967 deam·

223 1988 343 2051 bulatio.
381 1989 524 2053 Nimirum
546 1992 604 2053 hoc
626 1997 727 2053 movet
749 1990 961 2052 dubitationem
980 1989 1017 2051 de
1038 1989 1240 2066 beatitudIne,
1261 1994 1340 2073 quod

178 2084 206 2129 π
224 2076 363 2156 ignorant
382 2078 483 2152 multi,
512 2079 582 2158 quid
607 2079 646 2140 sit
675 2079 739 2159 ipsa
760 2078 913 2140 beatitudo
936 2086 966 2138 et
991 2076 1098 2156 quibus
1118 2093 1153 2139 ea
1174 2078 1268 2141 rebus
1288 2098 1340 2161 pa·

223 2173 323 2226 retur:
345 2183 475 2240 nemea,
497 2167 562 2228 sine
582 2166 688 2246 quibus
709 2165 862 2228 beatitudo
882 2183 943 2228 nou
964 2163 1096 2245 contigit,
1113 2164 1253 2229 nonnulii
1272 2185 1340 2248 par·

224 2259 269 2314 tes
288 2252 478 2317 beatitudinis
499 2272 565 2316 esse
589 2253 763 2315 existimant.

200 2331 222 2400 3
309 2339 370 2402 lam
389 2359 460 2403 vero
482 2360 587 2403 omnes
610 2341 785 2423 opiniones,
817 2358 888 2420 quas
910 2341 1021 2402 babent
1043 2338 1162 2419 quidam
1185 2338 1224 2403 de
1245 2340 1340 2404 beati·

224 2427 337 2500 tudine,
357 2445 589 2507 recognoscere,
612 2446 866 2509 supervacaneum
889 2436 943 2489 est.
987 2426 1077 2489 Multa
1100 2426 1180 2489 enim
1202 2427 1341 2493 ridentur

179 2526 207 2572 aa
226 2514 327 2595 pueris
345 2523 375 2576 et
397 2517 525 2594 aegrotis
547 2525 577 2579 et
598 2516 712 2590 deliris,
742 2517 778 2577 de
801 2515 908 2596 quibus
930 2532 1019 2577 nemo
1042 2530 1132 2576 sanae
1153 2515 1265 2578 mentis
1287 2517 1341 2580 dn-

217 2602 313 2664 ·bitet:
342 2603 389 2664 isti
419 2604 498 2664 enim
522 2622 583 2666 non
611 2612 700 2684 egent
725 2603 906 2677 rationibus,
938 2602 992 2664 sed
1014 2601 1122 2682 partim
1151 2609 1250 2666 aetate
1270 2623 1341 2686 pro·

224 2688 371 2763 rectiore,
397 2709 454 2771 qua
473 2700 626 2753 mutentur
647 2692 781 2772 ipsorum
805 2690 929 2764 iudicia,
958 2690 1066 2770 partim
1090 2689 1275 2755 coercitione
1296 2692 1339 2755 vel

222 2776 337 2838 medica
359 2777 405 2839 vel
428 2779 519 2842 civili:
542 2780 698 2841 medicatio
721 2779 799 2840 eninr
822 2796 884 2840 non
907 2778 1005 2839 ntinor
1023 2786 1068 2838 est
1089 2777 1232 2840 ooermtio
1255 2798 1339 2861 qnam

225 2864 401 2928 verberatio.
446 2862 587 2929 Similiter
607 2886 646 2929 ne
665 2866 744 2944 vulgi
766 2866 886 2946 quidem
912 2865 961 2943 [de
981 2864 1039 2926 vita
1058 2864 1156 2943 beata]
1182 2866 1339 2947 opiniones

138 2952 323 3032 ¹21⁵.a.(nam,
355 2963 389 3015 ut
408 2953 445 3015 de
469 2955 607 3017 omnibus
629 2955 692 3016 fere
712 2954 820 3027 rebus,
851 2954 891 3015 ita
914 2951 1131 3032 quummaxime
1149 2951 1188 3015 de
1212 2953 1339 3037 beatitu-

224 3041 294 3103 dine
316 3048 428 3104 temere
451 3043 555 3122 vulgus
577 3042 717 3122 iudicat),
748 3041 802 3103 sed
824 3039 1002 3121 sapientium
1023 3040 1154 3101 monim
1176 3042 1340 3105 sententiae

223 3128 305 3190 solae
327 3148 344 3190 a
369 3130 456 3193 nobis
479 3128 691 3193 examinandae
711 3137 795 3190 sunt:
826 3128 987 3190 absurdum
1011 3134 1057 3189 est
1076 3124 1154 3189 enim
1176 3128 1339 3199 rationibus

225 3217 407 3280 contendere
431 3237 498 3280 cum
519 3219 571 3292 iis,
595 3218 661 3298 qui,
691 3217 808 3298 abrepti
830 3215 999 3288 effectibus,
1022 3232 1085 3278 non
1106 3214 1276 3281 rationibus
1295 3236 1339 3281 sa·

126 3362 128 3367 .
224 3304 323 3377 nandi,
342 3306 396 3367 sed
415 3305 442 3367 ri
464 3307 623 3368 coercendi
646 3313 725 3366 sunt.
1103 3366 1108 3373 .

306 3391 366 3453 Sed
389 3411 479 3471 quum
496 3394 603 3456 babeat
622 3394 718 3456 omnis
736 3393 871 3454 tractatio
893 3391 1082 3472 quaestiones
1099 3407 1171 3455 suas
1192 3393 1337 3477 proprias,

191 3486 350 3559 sapparet
366 3498 431 3542 esse
449 3481 536 3542 etiam
556 3481 630 3543 tales
653 3481 840 3561 quaestiones
863 3480 900 3541 de
917 3479 975 3542 rita
994 3478 1104 3559 optima
1120 3487 1151 3557 et
1173 3479 1212 3543 de
1231 3483 1338 3563 degen-
1380 3447 1384 3573 Ι

225 3567 279 3628 dae
301 3567 403 3628 aetads
426 3569 540 3631 ratione
559 3568 820 3651 praestantissima.
860 3566 919 3629 ilas
941 3567 1031 3646 igitur
1050 3565 1210 3646 opiniones
1230 3588 1338 3652 expen-

224 3653 296 3714 dere
320 3661 351 3715 et
370 3656 545 3730 examinare,
569 3665 705 3718 nocuum
727 3663 780 3718 est.
817 3655 890 3717 Nam
910 3655 1058 3717 rationum
1080 3660 1339 3721 membranarum

224 3740 371 3814 refutatio,
394 3744 609 3805 contrariarum
631 3744 779 3807 rationum
798 3743 1011 3806 demonstratio
1031 3748 1085 3805 est.
1124 3740 1290 3825 Praeterea
1305 3745 1339 3808 ad

144 3888 146 3892 Α
225 3845 290 3890 rem
312 3828 381 3891 facit
407 3849 468 3893 non
498 3831 629 3911 ignorari
658 3850 708 3905 ea,
740 3833 777 3892 ad
805 3850 880 3911 quae
906 3830 1069 3912 praecipuo
1090 3838 1231 3912 spectare
1254 3832 1340 3897 debet

180 3930 206 3976 ιο
225 3916 322 3978 omnis
344 3919 486 3997 quaestio,
509 3918 623 3981 scilicet
648 3918 754 3999 quibus
777 3919 867 3981 rebus
890 3918 1042 3998 contingat
1063 3917 1143 3981 bene
1165 3926 1259 4001 atquo
1276 3918 1338 4003 pnl-

144 4063 148 4068 .
191 4047 194 4052 -
224 4005 295 4066 chre
324 4004 422 4068 vivere
452 4006 547 4086 (beate
577 4007 656 4069 enim
679 4007 797 4088 parcius
828 4007 928 4069 dicere
959 4004 1188 4086 convenit)ch
1215 4016 1338 4091 propter

223 4111 310 4173 spem
328 4093 477 4156 bonorum
498 4095 693 4174 singulorum.
732 4095 805 4157 llam
828 4094 853 4156 si
872 4093 904 4155 in
923 4094 1015 4156 rebus
1037 4092 1167 4157 fortuitis
1183 4094 1234 4159 val
1256 4104 1338 4160 natu·
1379 4044 1383 4153 1

145 4240 149 4244 .
223 4179 334 4242 ralibus
361 4189 406 4243 est
427 4181 501 4245 illud
523 4183 602 4245 bene
623 4201 658 4245 ac
679 4182 804 4265 pulchre
826 4182 941 4257 virere,
973 4199 1044 4263 spes
1066 4180 1131 4243 eius
1153 4181 1338 4263 praesidatu

224 4268 340 4331 multis:
370 4269 411 4331 ita
430 4270 509 4333 enim
530 4289 628 4352 neque
652 4289 722 4332 cura
748 4269 957 4350 diligentiaque
978 4276 1171 4351 comparatur
1190 4272 1337 4353 usquein

180 4368 206 4412 15
225 4356 409 4436 singulorum
427 4358 580 4421 hominum
603 4365 750 4440 potestate
770 4356 817 4419 vel
838 4357 936 4420 studio
954 4356 1011 4421 vita
1029 4357 1117 4420 beata
1133 4357 1278 4423 stu'sst:
1297 4360 1337 4423 sin

225 4443 255 4505 in
279 4460 320 4506 eo,
336 4442 471 4511 oonsiatit
494 4453 528 4511 ut
553 4446 693 4528 qualimte
713 4453 794 4509 certa
821 4445 974 4528 praeditus
991 4444 1035 4509 ait
1059 4452 1091 4509 et
1111 4445 1212 4511 bomo
1228 4448 1295 4533 ipsc
1313 4454 1339 4511 at
