2776 4836
147 202 225 284 3¹8
679 207 755 281 Vll.
784 207 825 281 t.

147 397 274 458 tota-itti
304 396 524 469 tautummodo,
555 396 605 476 qui
633 397 808 476 aequalitate
837 405 978 471 uniatur,
1004 398 1066 461 dici
1097 406 1248 479 possunt
1285 322 1385 470 thie

234 485 371 564 ineptum
399 484 453 556 sit,
489 483 515 545 si
544 484 589 545 vir
611 485 737 564 puerulo
764 485 876 547 amicus
904 504 973 547 esse
998 484 1135 560 naam,
1169 486 1297 567 qumvis
1316 478 1351 575 eti

233 579 312 633 amet
338 574 383 634 vir
406 590 533 650 puerum
565 578 593 632 et
622 590 638 632 a
664 591 759 651 puero
789 580 913 635 ametur.
972 571 1051 646 Qatiu
1079 572 1178 635 etiam
1209 572 1333 635 iuterim

232 666 348 721 rectum
368 668 422 730 est,
446 658 537 719 amari
554 659 680 720 amicum
702 661 905 740 superiorem:
926 659 1045 721 sedhic
1062 659 1088 721 si
1111 661 1267 734 redamet,
1282 661 1334 722 ritu-

234 753 358 827 peretur
380 745 461 825 quasi
486 753 565 807 amet
588 746 751 824 indiguum.
792 749 865 809 Nam
887 754 919 808 et
938 746 1082 825 dignitate
1099 747 1273 811 amiooruru
1293 758 1353 885 nep

234 833 352 895 tiendus
377 851 462 894 amor
490 841 587 893 estet
616 835 741 914 quadam
771 834 955 915 aequalitate„
1001 832 1065 895 lam
1085 852 1167 897 vere
1194 835 1263 907 alii,
1291 836 1336 917 quia

235 928 329 983 aetate
351 920 507 982 interiores
529 928 616 991 suut,
636 921 751 1000 indigni
768 930 855 995 suut,
884 922 934 1003 qui
955 920 1019 1001 pari
1040 920 1138 983 modo
1161 941 1181 983 a
1201 923 1336 1004 superiore
1381 954 1385 971 ι

191 1019 217 1062 ¹⁰
236 1015 388 1070 amentur:
407 1007 454 1068 alii
478 1015 603 1087 propter
625 1009 762 1071 virtutem
785 1011 832 1071 vel
850 1008 1034 1071 nobilitatem
1053 1008 1182 1087 generis
1203 1010 1260 1072 vel·
1273 1010 1336 1073 111111

235 1094 440 1158 huiuscemodi
464 1094 675 1174 praestantiam
703 1104 733 1157 et
763 1096 952 1159 eminentiam
974 1094 1079 1173 [multu
1098 1096 1258 1161 maiorem
1277 1117 1338 1159 ame

234 1202 299 1244 rem
317 1184 491 1260 merenturl.
532 1183 659 1262 Semper
676 1192 792 1256 autem,
815 1192 845 1245 et
867 1184 899 1245 in
922 1183 986 1245 utili
1008 1191 1038 1245 et
1058 1182 1091 1244 in
1114 1183 1256 1247 meranda
1277 1185 1337 1246 etia

234 1271 365 1332 viromm
385 1270 534 1331 honorum
554 1269 690 1343 amicitia,
713 1270 899 1351 superiorem
920 1268 1085 1333 autminus
1105 1289 1217 1335 amare
1232 1281 1284 1335 ant
1296 1291 1338 1334 uon

234 1377 349 1435 amare,
375 1375 502 1437 aequum
524 1366 579 1419 est
623 1357 680 1420 Ubi
706 1377 777 1419 vero
799 1359 879 1420 inter
900 1357 1011 1420 amicos
1030 1376 1095 1419 nou
1115 1358 1161 1421 ita
1182 1378 1292 1440 mapsa
1309 1360 1337 1421 di·

233 1445 339 1508 stantia
359 1443 562 1506 couditionum
584 1453 638 1517 est,
656 1445 728 1525 qnid
745 1445 863 1520 mirum,
883 1445 907 1507 si
923 1445 965 1507 ihi
980 1444 1199 1509 contortiones
1220 1466 1259 1511 ac
1279 1448 1337 1509 rixae

234 1528 391 1595 oriantur?
422 1531 494 1593 Nam
518 1533 597 1613 quad
614 1551 738 1613 parvum
761 1543 791 1594 et
813 1533 949 1612 exiguum
969 1539 1030 1605 est,
1051 1531 1083 1593 id
1104 1532 1268 1597 interdum
1289 1524 1357 1647 nul-p

189 1633 215 1677 aa
233 1621 291 1684 lius
316 1618 459 1701 ponderis
484 1627 545 1692 est,
574 1619 651 1681 sicut
673 1639 764 1700 quum
792 1621 904 1700 lignum
931 1620 1100 1700 ponderas,
1134 1620 1210 1683 dum
1232 1622 1264 1685 in
1285 1641 1339 1684 auro

233 1705 429 1790 ponderando
464 1706 510 1767 vel
540 1707 643 1786 exigua
673 1708 837 1770 differentia
864 1726 1004 1786 maguum
1033 1715 1230 1771 maurentino
1259 1711 1339 1772 halet

232 1797 341 1858 Verum
365 1793 443 1855 enim
475 1813 545 1855 vero
571 1795 609 1855 de
631 1794 735 1874 exiguo
757 1804 787 1857 et
807 1815 899 1876 parvo
922 1795 1057 1857 homines
1085 1813 1257 1875 perperam
1281 1797 1340 1858 iudi·

233 1890 309 1944 oant.
352 1881 424 1942 Nam
442 1900 527 1942 suum
552 1882 657 1961 cuique
675 1883 797 1955 bonum,
821 1883 888 1962 quia
907 1902 1003 1962 prope
1024 1888 1079 1954 est,
1101 1901 1263 1962 magnum,
1285 1884 1340 1945 alie-

232 1989 303 2032 num
332 1977 448 2039 autem,
482 1969 548 2048 quia
578 1978 726 2033 remotum
752 1978 813 2042 est,
849 1988 973 2051 parvum
995 1977 1026 2031 et
1052 1967 1198 2047 exiguum
1229 1962 1360 2085 videtur!

233 2060 331 2130 Quum
356 2075 426 2117 vero
446 2056 619 2121 excellentia
641 2057 760 2119 alterius
779 2057 864 2118 amici
887 2056 1014 2127 exstitit,
1041 2054 1207 2120 inferiores
1235 2079 1276 2121 ne
1300 2057 1339 2138 ipsi

233 2145 351 2226 quidem
375 2143 543 2222 postulant,
563 2153 596 2205 ut
618 2152 668 2205 aut
689 2145 881 2206 redanreutur
902 2153 952 2208 aut
971 2143 1035 2225 pari
1057 2143 1171 2205 ardore
1194 2132 1360 2235 redamet-i

232 2241 295 2292 tur:
327 2230 455 2309 exempli
478 2231 568 2308 gratia
599 2232 713 2312 siquis
740 2232 887 2311 postulet,
918 2240 949 2293 ut
975 2251 991 2291 a
1016 2231 1075 2292 deo
1098 2249 1224 2295 summo
1248 2234 1340 2297 ardore

187 2334 214 2376 ao
233 2318 412 2387 redametur,
429 2317 559 2398 [ineptus
578 2338 644 2380 esse
664 2319 816 2398 videaturl.
859 2319 992 2399 Apparet
1009 2317 1110 2397 igitur,
1128 2319 1277 2383 homines
1293 2330 1341 2382 tuo

232 2424 298 2467 esse
319 2404 439 2475 amicos,
463 2417 554 2483 equum
573 2406 719 2484 aequabili
742 2406 912 2468 coarditione
935 2414 1064 2475 utantur,
1088 2413 1233 2471 mutuum
1256 2417 1341 2470 autem

120 2494 127 2503 '
233 2511 365 2554 amorem
388 2510 449 2551 nou
470 2492 581 2553 hahere
603 2493 788 2563 locum‚1risi
810 2494 899 2555 iidem
922 2493 1007 2555 amici
1029 2492 1098 2555 sint

318 2578 378 2638 Sed
402 2579 459 2638 hoc
478 2599 596 2658 quoque
615 2579 808 2659 perspicuum
828 2588 883 2652 est,
903 2600 977 2661 quae
997 2599 1084 2642 causa
1104 2578 1155 2655 sit,
1180 2602 1278 2663 quare
1299 2585 1340 2645 ho-

234 2666 329 2728 mines
357 2664 512 2726 amicitiam
542 2666 572 2726 in
596 2667 770 2729 excellentia
797 2669 924 2749 positam
946 2667 1090 2730 amicitiae
1116 2667 1341 2750 inaequalitate

232 2754 371 2816 fundatae
393 2753 572 2832 praeferant.
615 2754 686 2815 Naar
709 2755 864 2834 superiore
887 2754 1079 2825 illaamicitia
1102 2754 1168 2831 hoc,
1186 2775 1342 2839 assequun-

233 2851 290 2913 tur,
310 2847 344 2902 ut
362 2839 448 2901 simul
472 2848 502 2901 et
522 2849 659 2903 amentur
680 2850 710 2902 et
732 2842 905 2904 excellentia
925 2844 1069 2904 fruantur.
1107 2841 1197 2906 Hauc
1219 2845 1261 2907 ob
1285 2866 1358 2979 cau-q

232 2949 296 2991 sam
314 2934 480 2989 assentator
500 2930 580 3008 apud
603 2930 746 3008 quosdam
769 2930 904 2991 homiues
926 2929 955 2991 in
981 2929 1094 2991 maiore
1117 2929 1240 2994 honore
1267 2952 1339 3014 quau

186 3031 214 3073 aa
233 3016 343 3078 amicus
367 3024 428 3076 est:
446 3032 514 3076 uani
536 3025 702 3078 assentator
719 3017 788 3078 lacit
810 3025 843 3078 ut
863 3024 1020 3096 utrumque
1043 3018 1114 3095 [nm
1131 3034 1222 3080 aanor
1239 3020 1357 3115 imper-t

231 3105 350 3165 tiendus
372 3122 458 3181 quam
481 3104 664 3182 excellentia]
687 3104 795 3176 inille,
820 3104 865 3166 cui
888 3111 1063 3176 assentatur,
1085 3103 1191 3167 inesse
1207 3106 1338 3170 videatur.

232 3190 319 3264 Quod
349 3189 476 3250 inanime
499 3190 530 3250 iu
558 3190 727 3252 homiuibus
756 3191 918 3253 ambitiosis
947 3191 1100 3253 observari
1121 3199 1245 3270 potest:
1280 3140 1356 3275 nami

229 3283 262 3340 ie
285 3279 479 3339 admiratione
501 3296 563 3338 ease
582 3277 713 3357 speciem
730 3278 921 3339 excellentiae
940 3279 1036 3339 lrabet.
1082 3278 1161 3339 Sanat
1179 3291 1281 3343 autem
1302 3281 1355 3415 aliq

230 3367 336 3426 natura
355 3364 512 3443 proniores
534 3365 762 3436 adamandam,
793 3365 840 3426 alii
863 3365 1021 3446 proniores
1039 3366 1077 3427 ad
1095 3366 1249 3429 honores:
1280 3389 1338 3451 pro-

233 3472 289 3513 nus
312 3451 348 3511 ad
376 3451 534 3512 amandum
557 3453 787 3528 [amorabuudus
810 3453 855 3513 vel
878 3455 1044 3531 amorosus]
1074 3453 1099 3513 is
1119 3460 1184 3526 est,
1217 3457 1269 3536 qui
1289 3465 1355 3518 tunt

233 3538 325 3615 magis
344 3539 468 3615 gaudet,
492 3557 582 3616 quarm
604 3548 696 3610 uruat,
720 3549 906 3618 quamtum,
934 3559 1024 3619 equum
1045 3547 1178 3601 amatur:
1209 3543 1286 3606 alter
1305 3552 1355 3604 est¹

233 3626 332 3704 potius
362 3624 543 3685 ambitiosus.
598 3626 654 3699 Qui
679 3626 769 3705 igitur
798 3628 906 3706 gautlet
934 3627 1014 3706 quod
1044 3626 1171 3688 aliorum
1194 3629 1339 3693 hominum

187 3727 215 3772 ao
233 3709 427 3773 admiratione
452 3719 478 3772 et
499 3730 600 3773 amore
618 3712 740 3786 l'ruitur,
770 3714 796 3775 is
818 3714 931 3776 amicus
949 3713 1126 3776 eminentiae
1145 3722 1211 3776 est:
1247 3726 1356 3837 contraq

231 3798 281 3879 qui
304 3817 347 3870 ea,
371 3816 456 3876 quam
480 3799 597 3859 amandi
617 3800 693 3860 actio
717 3801 818 3880 gignit,
841 3802 993 3882 voluptate
1013 3801 1188 3876 delectatur,
1211 3802 1239 3866 is
1262 3812 1294 3866 ut
1309 3805 1339 3865 ad

159 3932 162 3937 -
230 3886 389 3948 amandum
405 3905 529 3964 pronus
543 3885 584 3946 ita
600 3886 724 3948 maxime
742 3889 778 3949 ad
795 3908 927 3951 amorem
942 3896 1030 3968 aptus
1046 3897 1100 3950 est
1130 3888 1207 3951 Nam
1222 3910 1357 4005 necessep

232 3973 322 4034 estin
341 3980 408 4035 actu
426 3993 491 4034 esse
512 3993 589 4046 eum,
612 3973 661 4053 qui
682 3984 775 4036 amet:
799 3995 867 4037 nam
883 3975 974 4038 amari
991 3985 1037 4038 est
1057 3975 1215 4037 accidens:
1235 3979 1338 4059 quippe

231 4061 295 4122 lieri
318 4067 418 4139 potest
440 4069 471 4121 ut
494 4060 599 4140 aliquis
620 4060 738 4139 ignoret
759 4082 792 4123 se
814 4064 850 4124 ab
870 4063 964 4124 altero
983 4063 1083 4137 amari,
1106 4063 1160 4124 scd
1178 4070 1214 4125 ut
1230 4060 1359 4177 ignoret}

230 4148 334 4226 aliquis
357 4166 423 4208 sese
453 4166 552 4209 amare
580 4149 723 4220 alterum,
758 4149 790 4210 id
814 4168 885 4210 vero
911 4149 976 4212 fieri
1001 4169 1063 4211 uon
1090 4155 1203 4230 potest.
1250 4150 1360 4213 Habet.

225 4234 318 4297 etiam
337 4233 463 4296 amicitia
480 4236 538 4296 hoc
560 4235 725 4317 proprium,
747 4243 781 4297 ut
801 4254 900 4297 amare
919 4236 1004 4299 malis
1023 4254 1112 4317 quam
1134 4240 1240 4313 amari,
1263 4246 1294 4300 et
1312 4236 1358 4299 uti

184 4328 212 4373 ⁸⁵
232 4321 330 4402 passio
348 4322 458 4383 amoris
481 4322 764 4401 magissshaereat-in
783 4342 817 4384 re
840 4324 886 4384 vel
907 4324 939 4385 in
960 4342 1092 4405 persona
1107 4329 1218 4387 amatu
1253 4323 1358 4403 Arge·

229 4416 331 4472 mento
346 4416 413 4482 est,
442 4409 523 4491 quod
545 4409 674 4483 amicus,
705 4410 730 4473 si
752 4416 911 4496 utrumque
933 4430 996 4478 uon
1022 4410 1130 4485 liceat,
1161 4366 1361 4496 cognoscerti
