2784 4838
551 228 610 305 m.
636 232 671 303 2.
699 228 734 304 a.
1165 223 1240 323 ³fl

74 420 355 502 x‚a.intemperanda
375 419 562 495 discernitur,
577 421 615 482 ad
632 439 694 492 eos,
715 438 790 500 quos
807 417 932 481 diximus
949 436 1065 492 sensus,
1081 419 1243 499 pertinent.

128 511 165 572 dt
183 511 213 572 in
233 509 433 590 voluptatibus
451 508 580 573 videndo
597 509 644 570 vel
662 507 809 569 audiendo
827 507 874 569 vel
890 506 1055 569 olfaciendo
1072 508 1244 588 percipien-

129 599 174 660 dis
192 617 298 670 neme,
331 596 418 658 etiam
440 597 466 658 si
489 597 613 658 modum
634 596 773 669 excedat,
803 596 1007 676 intemperans
1035 594 1158 669 dicitnr,
1189 597 1242 658 sed

127 687 192 747 sine
211 687 324 766 probro
344 684 416 746 tales
436 704 554 746 errores
577 685 787 764 vituperamus.
828 684 924 764 Atque
946 681 1068 745 omnino
1087 683 1117 744 in
1137 683 1243 764 quibus

81 785 110 827 ²³
131 776 222 836 rebus
243 793 305 835 non
325 773 457 836 cernitur
477 773 521 833 vir
541 772 714 845 continens,
736 771 766 833 in
786 771 820 832 iis
843 790 883 832 ne
903 771 1107 851 intemperans
1124 771 1243 851 quidem

130 862 284 943 quisquam
309 861 424 922 dicitur.
468 860 691 922 lncentinentes
712 866 809 921 autem
838 876 896 920 nec
915 859 1150 938 intemperantes
1175 867 1245 920 sunt

129 969 187 1011 nee
206 969 276 1011 vero
297 956 509 1028 temperantes.
553 949 614 1009 lam
636 967 708 1009 vero
728 966 835 1009 sensus
859 966 976 1027 expers,
996 945 1043 1008 vel
1065 966 1245 1026 quocunque

129 1037 252 1099 nomine
272 1056 340 1098 eum
361 1037 459 1098 vocari
478 1037 585 1117 placet,
607 1036 657 1097 ille
680 1036 803 1110 dicatur,
823 1034 873 1115 qui
891 1035 930 1096 ita
950 1033 1118 1113 ingeniatus
1137 1043 1192 1108 est,
1211 1042 1245 1096 ut

131 1125 252 1186 citerius
276 1124 376 1186 debito
397 1123 518 1186 resistat
539 1125 569 1185 in
591 1124 637 1197 iis,
658 1123 764 1203 quihus
780 1123 838 1184 lrui
858 1131 888 1183 et
909 1122 1039 1201 gaudere
1056 1141 1161 1201 omnes
1181 1125 1244 1185 lere

131 1212 268 1274 homines
289 1231 413 1274 necesse
433 1219 494 1285 est;
524 1212 574 1273 ille
597 1230 679 1284 vero,
700 1211 751 1290 qui
773 1212 851 1272 ultra
876 1229 965 1290 quam
992 1209 1082 1272 debet
1104 1212 1244 1283 excurrit,

133 1300 337 1380 intemperans
367 1308 421 1362 est.
472 1299 583 1361 Omnes
610 1299 689 1361 enim
714 1299 761 1361 his
782 1298 889 1370 rebus,
923 1316 998 1378 quae
1020 1298 1056 1359 ad
1079 1298 1189 1362 tietu'm
1211 1318 1246 1361 ac

133 1388 208 1450 vitae
229 1388 342 1449 cultum
364 1389 485 1450 omnino
507 1382 702 1450 necessariae
713 1395 801 1460 sunt,
828 1388 933 1448 natura
955 1386 1102 1466 gaudent,
1123 1387 1245 1450 harum-

83 1491 113 1535 ae
132 1495 191 1555 qne
215 1475 376 1554 cupiditate
399 1483 567 1547 moventur,
589 1492 687 1554 neque
710 1482 809 1537 tamen
829 1481 991 1554 propterea
1011 1472 1245 1556 intemperantes

129 1564 268 1624 videntur
286 1571 337 1625 ant
354 1565 552 1643 appellantur.
589 1564 692 1643 Neque
714 1563 793 1624 enim
816 1562 964 1624 excedunt
979 1562 1103 1625 modum
1122 1563 1153 1626 in
1172 1581 1245 1644 gau-

129 1651 238 1723 dendo,
258 1670 349 1730 quum
370 1660 440 1713 sunt
460 1671 494 1713 re
516 1651 682 1714 desiderata
704 1650 799 1730 potiti,
819 1669 918 1729 neque
937 1649 968 1711 in
987 1650 1128 1726 dolendo,
1151 1671 1243 1731 quum

127 1758 189 1800 non
212 1747 282 1799 sunt
303 1739 405 1820 potiti:
428 1759 526 1819 neque
549 1759 620 1802 vero
641 1738 731 1800 iidem
752 1738 809 1801 dici
831 1744 960 1818 possunt
981 1737 1166 1802 indolentes:
1189 1759 1244 1802 ne·

129 1846 187 1905 que
218 1826 296 1887 enim
328 1826 421 1900 infra,
452 1847 539 1908 quam
569 1827 696 1899 debent,
725 1827 779 1889 sed
808 1825 908 1906 potius
935 1844 1042 1906 supra,
1071 1827 1174 1890 dolent
1196 1829 1244 1890 vel

130 1914 269 1992 gaudent.

80 2014 110 2056 ³⁵
206 2003 303 2075 Quum
327 2023 397 2066 vere
420 2004 450 2065 in
477 2004 521 2066 his
541 2003 632 2066 rebus
654 2010 685 2064 et
707 2021 846 2065 excessus
868 2001 907 2063 sit
929 2009 960 2064 et
982 2003 1132 2077 detectus,
1155 2003 1243 2066 etiam

128 2089 363 2152 mediocritatem
387 2111 453 2153 esse
476 2099 616 2173 apparet:
649 2099 738 2171 atque
763 2089 811 2152 hic
842 2089 973 2171 optimus
1001 2091 1119 2153 habitus
1146 2099 1192 2153 est
1214 2099 1245 2154 et

129 2177 274 2240 ambobus
296 2178 353 2240 illis
376 2181 551 2242 contrarius.
594 2177 695 2260 ltaque
718 2179 858 2259 quoniam
880 2181 1076 2257 temperantia
1098 2185 1144 2240 est
1165 2180 1244 2260 opti-

127 2284 193 2325 mus
211 2266 327 2327 habitus
346 2266 376 2327 in
399 2267 434 2328 iis
457 2269 564 2339 rebus,
591 2266 621 2328 in
645 2265 753 2347 quihus
776 2266 908 2328 cernitur
932 2266 1152 2348 intemperans,
1178 2287 1243 2329 me·

130 2353 267 2414 diocritas
288 2354 347 2426 illa,
368 2373 443 2433 quae
464 2357 495 2417 in
514 2356 551 2416 iis
570 2354 707 2417 ineundis
728 2372 819 2416 sensu
842 2353 1053 2434 percipiendis,
1073 2374 1149 2436 quae
1165 2355 1244 2416 dixi-

127 2460 204 2512 mus,
230 2443 364 2516 rertitur,
387 2443 584 2524 temperantia
601 2452 656 2517 est,
677 2441 867 2504 mediocritas
885 2441 965 2504 inter
985 2442 1244 2524 intemperantiam

74 2536 355 2608 ¹1.b·etstuporem:
384 2551 523 2594 excessus
545 2539 644 2593 autem
673 2537 719 2591 est
739 2530 984 2610 intemperantia,
1016 2532 1150 2594 defectus
1172 2551 1244 2592 vero

128 2625 178 2677 aut
200 2625 283 2678 vacat
301 2619 422 2681 nomine
445 2628 496 2682 aut
516 2619 569 2693 iis,
597 2638 672 2699 quae
693 2617 817 2680 diximus
837 2617 1024 2693 nominibus,
1047 2619 1245 2700 appellandus

129 2711 183 2766 est.
228 2704 400 2768 decoratius
424 2727 494 2770 vero
515 2708 552 2769 de
572 2709 757 2786 voluptatum
775 2706 935 2784 generibus
950 2705 1027 2768 infra
1048 2708 1078 2768 in
1100 2707 1147 2780 iis,
1169 2726 1245 2787 quae

129 2793 165 2852 de
189 2793 370 2856 continentia
389 2803 419 2856 et
439 2794 654 2858 incontinentia
672 2794 817 2868 dicentur,
841 2793 1013 2856 disseretur.

74 2876 111 2944 lo
213 2880 327 2942 Eodem
356 2884 446 2944 medo
472 2884 662 2945 statuendum
689 2889 736 2943 est
757 2882 795 2943 de
824 2881 945 2943 lenitate
973 2882 1060 2944 etde
1082 2881 1243 2945 iracundia.

131 2967 203 3028 liam
229 2968 319 3029 homo
345 2971 421 3032 lenis
449 2971 581 3032 cernitur
605 2971 635 3031 in
665 2970 715 3031 illa
736 2969 888 3044 molestia,
918 2987 993 3049 quae
1016 2969 1053 3031 ab
1075 2969 1118 3031 ira
1139 2970 1243 3044 oritur,

129 3056 209 3133 quod
232 3056 270 3116 ad
298 3058 375 3119 hane
405 3067 487 3120 certo
514 3060 604 3120 modo
630 3059 752 3118 allectus
776 3063 830 3118 est
869 3057 1072 3138 Opposuimus
1093 3065 1192 3120 autem
1213 3058 1244 3119 in

131 3143 332 3222 descriptione
363 3156 465 3208 nostra
494 3146 607 3208 homini
635 3145 780 3206 iracundo
809 3152 838 3206 et
872 3163 981 3224 aspero
1007 3153 1038 3207 et
1067 3147 1131 3207 fero
1162 3145 1244 3224 (nam

86 3241 110 3284 10
128 3230 203 3292 haec
228 3232 326 3293 omnia
354 3234 487 3313 eiusdem
517 3243 588 3297 snnt
616 3232 746 3313 habitus)
781 3232 933 3295 hominem
961 3233 1061 3295 servili
1089 3233 1187 3295 animo
1215 3242 1245 3295 et

127 3319 295 3398 stupidum:
322 3341 392 3383 nam
415 3323 455 3384 ita
482 3324 545 3383 lere
571 3328 678 3384 vocant
706 3340 775 3393 eos,
804 3321 854 3401 qui
872 3340 930 3382 nec
950 3320 1009 3394 ibi,
1037 3320 1088 3391 ubi
1113 3329 1243 3402 oportet,

129 3408 294 3469 efferuntur
315 3409 376 3484 ira,
403 3411 457 3472 sed
478 3409 657 3473 contumelia
676 3408 773 3471 allecti
796 3410 906 3471 cedunt
928 3410 1017 3471 etad
1040 3415 1245 3490 contemptum

128 3513 163 3555 ao
183 3496 365 3575 despicatum
389 3498 514 3559 humiles
546 3505 624 3560 sunt.
671 3496 824 3558 Contraria
847 3497 927 3558 enim
950 3504 1036 3572 snnt,
1063 3516 1155 3577 quum
1178 3498 1243 3578 quis

128 3591 178 3643 aut
199 3585 337 3646 celeriter
358 3595 409 3648 aut
428 3587 476 3648 vix
498 3588 627 3657 tandem,
648 3592 678 3646 et
700 3604 790 3665 quum
812 3584 948 3665 quisaut
967 3585 1073 3648 leviter
1087 3593 1138 3648 aut
1152 3587 1244 3648 vehe-

128 3678 262 3745 menter,
295 3682 325 3734 et
351 3693 441 3754 quum
471 3683 522 3736 aut
551 3692 607 3754 per
635 3672 757 3752 longum
784 3681 904 3754 tempus
931 3682 983 3738 aut
1007 3675 1100 3737 breve
1125 3682 1243 3756 tempus

83 3772 110 3814 re
131 3759 212 3820 dolet
236 3779 304 3822 eum
328 3762 480 3834 dolorem,
508 3780 597 3842 quem
620 3780 760 3823 vocamus
782 3762 865 3823 iram.
910 3763 1058 3837 Quoniam
1077 3771 1193 3838 autem,
1211 3771 1245 3825 ut

127 3847 157 3907 in
181 3847 312 3926 reliquie,
335 3849 374 3910 ita
396 3851 444 3912 hio
462 3870 580 3931 quoque
603 3856 634 3910 et
652 3868 790 3911 excessus
813 3858 906 3912 estet
928 3852 1061 3913 delectus
1080 3852 1162 3928 (nam
1182 3852 1243 3913 ira-

129 3936 245 3997 cundus
269 3945 315 3999 est
337 3938 482 4000 eiusmodi
500 3940 601 4009 homo,
621 3937 670 4016 qui
693 3945 886 4016 exasperatur
907 3944 938 3999 et
959 3937 1085 4001 celerius
1108 3947 1137 4000 et
1152 3941 1244 4002 uehe-

125 4024 256 4086 mentius
279 4034 309 4086 et
332 4025 457 4100 diutius,
477 4045 565 4105 quam
585 4032 700 4087 rectum
723 4032 785 4098 est,
817 4024 919 4104 etqui
942 4025 1049 4088 talihxm
1070 4026 1162 4088 rebus
1191 4047 1243 4088 ex·

128 4112 297 4185 candescit,
325 4114 430 4193 quibus
456 4133 517 4175 non
549 4112 653 4184 dehet,
686 4117 713 4173 et
742 4111 862 4192 quidem
890 4129 996 4193 saepe:
1029 4113 1100 4175 dum
1127 4113 1243 4176 servilis

80 4209 108 4252 2⁰
128 4198 218 4260 animi
240 4202 330 4261 homo
354 4201 442 4280 plane
463 4199 645 4270 contrarium
667 4198 758 4279 lacit),
781 4207 907 4280 apparet
922 4218 989 4262 esse
1008 4199 1096 4262 etiam
1114 4200 1241 4281 aliquem

128 4288 159 4348 in
182 4289 237 4349 hac
263 4289 470 4368 inaequalitate
500 4288 639 4350 medium.
688 4287 763 4360 Quia
791 4306 863 4349 vero
893 4288 977 4369 pravi
1000 4296 1073 4351 sunt·
1091 4287 1178 4353 ambo
1200 4288 1243 4352 illi

126 4375 253 4447 habitus,
276 4376 450 4455 intelligitur
468 4376 580 4438 iustum
596 4394 663 4437 esse
679 4394 747 4437 eum
764 4375 908 4450 habitum,
929 4373 979 4457 qni
1001 4377 1108 4441 horum
1126 4375 1242 4441 nr'edxns

127 4471 182 4525 est.
227 4465 294 4540 Quo
316 4463 365 4548 qui
385 4463 539 4548 praeditus
558 4471 620 4543 est,
643 4462 787 4550 isneqne
808 4463 893 4550 prins
914 4464 993 4531 iusto
1013 4484 1114 4552 neqm
1135 4465 1241 4542 serios,
