2776 4836
90 198 169 283 tut
604 198 648 275 ll.
674 197 712 276 6.
737 202 775 274 7.

88 394 283 461 metune:
303 390 464 473 mutoque
486 409 562 472 quae
583 409 678 474 penes
699 392 836 455 homines
854 400 941 461 ιιιιιι,
964 390 1116 455 duod
1129 406 1188 459 sm.
1229 405 1288 455 auu

174 500 300 561 rumque
319 480 466 560 principia
495 490 566 541 sunt
590 480 726 542 homines
746 480 814 560 ipsi.
857 479 968 560 ltaque
992 498 1121 562 qnam
1141 482 1219 547 aci·
1261 477 1289 537 ita

141 586 157 628 a
174 572 265 633 homo
286 567 465 648 principium
482 576 512 629 et
527 578 632 629 auctor
651 578 706 629 est
723 585 773 629 eas
793 576 922 647 apparet
943 584 1044 647 posse
1058 578 1091 628 et
1105 568 1160 630 lini
1171 572 1232 713 stup
1266 580 1289 622 ιε

176 657 251 727 ficri,
273 672 398 733 esseque
421 654 452 714 in
470 654 564 735 ipsius
581 664 728 736 potestate
743 662 776 716 ut
790 662 841 715 aut
856 654 933 715 liant
955 664 1012 715 aut
1029 673 1095 717 non
1109 656 1223 737 [ηιμ
1270 665 1289 740 tf

175 744 296 825 quidem
318 742 390 802 fiant
417 760 513 803 necne
541 743 600 823 ipsi
624 744 772 821 integrum
801 750 856 803 εει.
909 741 1001 815 Quae
1027 761 1105 803 rero
1129 745 1225 807 hored
1274 749 1289 790 l

174 850 237 893 non
257 831 355 891 iacere
377 828 464 889 alicui
482 829 609 892 libertum
632 840 694 901 est,
715 831 822 892 luorum
841 828 894 891 ille
910 830 1023 908 utique
1044 840 1149 893 auctor
1163 850 1228 893 cesso
1266 836 1289 881 ιι

176 918 232 980 dus
258 925 318 977 est:
348 924 378 977 ct
399 934 527 997 quorum
546 926 651 979 auctor
675 926 737 989 εει,
763 918 836 979 haec
856 916 889 978 in
912 916 1016 997 ipn'us
1044 928 1232 998 potestaten

176 1003 322 1081 Quoniam
346 1021 418 1065 reso
438 1014 468 1065 et
492 1004 586 1067 rictus
608 1014 639 1066 et
659 1005 800 1066 vitiositas
822 1014 852 1065 et
877 1003 977 1075 iacta,
1010 1023 1093 1083 qme
1114 1006 1151 1069 alt
1167 1016 1234 1087 tntu

132 1106 158 1151 to
176 1090 425 1176 proficiscuntur,
454 1094 563 1173 partim
584 1092 744 1155 laudantur
762 1091 869 1172 partim
890 1090 1112 1171 vituperantur
1135 1094 1247 1175 (ritnput¹

175 1188 225 1241 tur
253 1178 334 1240 enim
362 1179 452 1240 homo
476 1188 506 1240 et
531 1180 668 1243 laudatur
693 1198 755 1242 non
782 1179 821 1242 ob
842 1196 895 1250 ea,
925 1196 1008 1258 quae
1038 1181 1203 1243 necersinte
1218 1176 1251 1313 dp

176 1284 246 1328 casu
261 1274 313 1327 aut
333 1275 438 1329 natura
460 1276 633 1339 evenerunt,
654 1266 709 1328 sed
731 1267 770 1329 oli
789 1285 833 1337 ea,
855 1283 990 1344 quorum
1008 1285 1071 1329 nos
1089 1268 1242 1349 ΙιοιιίιιειὴιΙ
1281 1282 1289 1327 ι

174 1360 312 1416 auctores
333 1371 452 1415 sumus:
482 1374 551 1417 nam
571 1373 698 1437 quorum
719 1355 794 1416 alius
814 1360 920 1415 auctor
944 1364 1014 1427 est,
1045 1374 1155 1418 eornm
1177 1357 1245 1419 etio

175 1447 205 1503 ct
230 1440 407 1521 vituperatio
428 1442 458 1503 in
482 1443 534 1505 illo
559 1443 690 1521 haereo:
719 1441 906 1505 manifestum
934 1450 983 1501 est
1014 1441 1159 1507 virtutem
1178 1462 1247 1526 quoqa

176 1538 207 1589 et
225 1528 412 1591 vitiositatem
432 1530 464 1591 in
483 1530 519 1592 iis
540 1531 639 1593 locum
656 1529 777 1601 labere,
797 1545 924 1609 quonum
943 1529 1042 1591 lrurno
1060 1530 1133 1612 ipse
1150 1542 1252 1594 anctut

132 1616 300 1677 unctionis
322 1616 504 1697 principium
526 1627 581 1679 est
620 1618 722 1697 ltaque
742 1616 945 1696 quaerendum
967 1626 1037 1689 est,
1060 1638 1187 1699 quanm
1203 1620 1253 1681 acu

176 1722 248 1765 num
266 1703 356 1765 homo
376 1705 441 1783 ipse
462 1714 567 1767 auctor
589 1714 619 1767 ct
640 1705 819 1785 principium
839 1704 886 1764 sit.
931 1702 998 1765 larn
1020 1724 1099 1767 reru
1123 1707 1255 1769 constatis

178 1798 224 1853 ter
245 1808 367 1863 omncs,
398 1809 473 1870 quae
496 1793 646 1854 uoluntate
675 1802 704 1855 ct
728 1792 889 1854 deliberato
910 1790 1045 1854 consilio
1068 1776 1269 1907 unimetimqul

177 1878 266 1949 stant,
294 1878 399 1940 horum
418 1879 498 1941 hunc
523 1880 623 1960 ipsum
646 1898 712 1941 esse
741 1896 875 1951 causam
901 1896 979 1957 quae
1007 1888 1117 1943 ειιιειιι
1138 1881 1259 1945 inritoll

177 1966 258 2037 liant,
277 1984 381 2029 corum
403 1985 464 2029 non
482 1985 548 2028 csse
564 1968 664 2049 ipsum
682 1985 810 2029 causam.
849 1966 1063 2047 Quaecunque
1081 1980 1184 2033 autem
1196 1970 1263 2049 aliqui

178 2052 315 2114 consulto
346 2062 376 2114 ct
406 2074 440 2116 cx
463 2054 619 2136 proposito
641 2054 726 2125 lacit,
756 2073 791 2115 ea
812 2052 952 2116 nimintm
979 2054 1078 2117 etiam
1099 2059 1204 2121 rolens
1220 2056 1265 2120 lacit

129 2153 158 2198 ao
174 2139 351 2218 lutelligitur
373 2141 462 2220 igitur
478 2142 617 2205 virtutem
634 2150 665 2204 et
687 2141 790 2204 sitium
812 2159 878 2202 esse
896 2140 1081 2203 voluntaria.

152 2220 173 2287 7
256 2225 356 2307 ltaque
386 2230 626 2291 constituendum
655 2237 702 2291 est
722 2228 793 2309 quid
820 2227 859 2291 sit
886 2227 1117 2305 voluntarium,
1148 2233 1216 2313 quid
1233 2249 1269 2294 nu

174 2312 388 2387 voluntarium,
415 2316 485 2397 quid
508 2319 643 2379 voluntas
666 2316 842 2379 deliberata:
863 2315 1119 2396 quandoquidem
1139 2320 1188 2383 his
1207 2319 1271 2381 risus

173 2399 336 2479 vitiumque
358 2404 543 2465 terminatur.
587 2404 629 2465 dc
651 2405 779 2485 primum
805 2403 924 2483 quidem
947 2402 1112 2468 rideamus
1136 2376 1286 2487 devoluti

175 2487 249 2548 tario
272 2495 301 2548 ct
320 2506 381 2549 non
400 2491 577 2553 voluntario.

259 2574 382 2636 l'idetur
406 2577 495 2655 igitur
520 2579 718 2641 voluntarium
748 2596 815 2641 esso
839 2595 933 2640 unum
963 2577 1077 2641 dehis
1108 2583 1222 2657 tribus,
1245 2534 1289 2655 auti

175 2661 284 2742 aliquid
308 2664 388 2742 quod
410 2664 461 2725 fiat
482 2666 682 2747 appetitione,
701 2673 749 2727 aut
772 2666 852 2746 quod
870 2665 921 2726 nat
941 2665 1103 2730 voluntate
1126 2670 1278 2739 deliberata,

130 2766 158 2809 tr
175 2757 226 2812 aut
249 2750 328 2830 quod
349 2750 400 2812 liat
420 2762 521 2815 mente
540 2754 587 2816 vel
602 2755 731 2816 ratione:
752 2772 814 2815 nun
833 2752 1035 2815 voluntarium
1054 2764 1164 2819 autem
1179 2757 1279 2839 aliquid,

175 2838 255 2919 quod
278 2838 329 2900 fiat
350 2848 452 2903 contra
475 2842 557 2903 haec.
608 2841 695 2922 Atqui
718 2840 861 2921 appetitio
884 2839 1075 2903 distribuitur
1097 2843 1133 2905 in
1163 2845 1237 2918 tria,
1261 2845 1280 2905 iu

175 2928 366 3001 voluntatem,
388 2929 419 2992 in
442 2928 531 2992 animi
553 2930 700 2992 fervorem
723 2927 770 2989 rel
791 2928 874 2998 iram,
892 2926 924 2988 in
946 2928 1159 3009 cupiditatem.
1201 2934 1281 3006 Quart

175 3016 248 3077 haec
271 3016 477 3097 distinguenda
497 3026 567 3080 sunt
593 3025 623 3079 et
645 3016 774 3098 primum
795 3015 914 3095 quidem
932 3013 980 3088 id,
1008 3017 1093 3096 quod
1117 3019 1173 3081 fiat
1190 3019 1282 3102 impel-

174 3103 253 3166 lente
277 3105 446 3186 cupiditate,
470 3104 718 3169 considerandum
740 3110 793 3165 εει

261 3192 383 3257 Videtur
402 3204 500 3256 autem
521 3213 625 3267 omne,
650 3191 729 3272 quod
751 3191 802 3251 fiat
824 3188 984 3270 cupiditate
1005 3188 1206 3270 impellente,
1233 3212 1283 3256 csse

129 3289 157 3334 tu
176 3279 383 3342 voluntarium.
421 3282 493 3343 Nam
521 3301 609 3344 omne
630 3299 691 3342 non
711 3277 908 3340 voluntarium
926 3276 1044 3339 ridetur
1071 3281 1213 3357 pervim
1245 3301 1284 3343 ει·

174 3385 326 3445 pressum,
369 3368 449 3447 quod
476 3379 574 3430 autem
604 3389 659 3450 per
692 3368 750 3428 vim
774 3382 948 3445 expressum
978 3371 1040 3436 est,
1072 3363 1103 3425 id
1131 3369 1284 3431 molestum

176 3461 238 3524 est,
262 3461 292 3515 ct
314 3472 507 3534 quaecunque
528 3457 664 3531 homines
683 3453 776 3517 coacti
798 3452 909 3515 iaciunt
926 3451 973 3514 vel
995 3448 1171 3532 patiuntur,
1202 3456 1285 3518 tristia

173 3547 201 3600 ει
222 3540 347 3600 molesta
368 3549 447 3613 sunt,
470 3544 719 3622 quemadmodum
740 3541 827 3604 etiam
848 3541 969 3603 Euenus
991 3538 1078 3600 dicit:

294 3624 422 3698 „Triste
442 3646 496 3690 nec
516 3647 578 3691 ease
599 3631 681 3701 velis,
706 3648 799 3702 omne,
823 3647 940 3692 necnee
956 3624 1034 3709 quod
1054 3633 1135 3688 eat.‘⁴

174 3709 276 3789 Itaque
299 3711 412 3793 siquid
434 3715 603 3788 molestum,
624 3716 655 3777 id
679 3717 814 3797 pervim
836 3729 1026 3797 expressum:
1052 3713 1131 3775 etsi
1153 3716 1216 3779 hoc
1239 3726 1286 3787 εει

175 3798 333 3860 molestum
356 3808 409 3861 εει.
448 3801 597 3881 Quidquid
618 3810 717 3864 autem
739 3811 842 3867 contra
863 3802 1054 3885 cupiditatem
1074 3808 1130 3874 εει,
1156 3802 1286 3867 doloren

175 3886 261 3947 affert
282 3884 363 3965 (nam
387 3889 532 3969 cupiditas
554 3896 600 3951 est
621 3888 771 3970 iucundi):
799 3911 869 3971 ergo
892 3910 949 3973 per
972 3889 1032 3951 rim
1061 3905 1243 3970 expressum
1264 3901 1288 3953 ct

129 3986 157 4032 ts
175 3974 452 4039 non-voluntarium
479 3984 534 4038 est.
578 3976 621 4038 llt
642 3976 700 4039 hoc
722 3978 871 4058 sequitur,
896 3986 930 4040 ut
951 3977 1032 4059 quud
1050 3978 1221 4042 secundum
1240 3999 1286 4044 cu·

174 4061 328 4143 piditutem
349 4063 560 4145 cupiditatique
583 4062 884 4139 monumentorum,
916 4064 1115 4129 voluntarium
1134 4063 1192 4127 sit:
1222 4085 1286 4130 nam

174 4151 249 4214 haec
265 4157 336 4211 sunt
354 4151 511 4213 contraria.
537 4151 695 4215 Praeterea
710 4152 806 4214 omnis
824 4153 967 4216 vitiositas
983 4150 1156 4216 iniustiores
1175 4154 1286 4216 reddit:

172 4236 390 4301 incontinentia
405 4245 503 4301 autem
520 4239 661 4303 vitiositas
679 4237 796 4302 videtur
813 4258 892 4303 csse:
910 4248 956 4303 εει
970 4247 1069 4303 autem
1087 4238 1285 4312 incontinens,

174 4326 224 4405 qui
252 4325 416 4387 secundum
443 4326 634 4407 cupiditatem
653 4344 736 4388 suam
757 4327 816 4408 agit
835 4335 938 4391 contra
960 4326 1125 4390 rationem:
1156 4329 1220 4408 agit
1238 4347 1285 4391 au·

175 4417 235 4473 tem
266 4411 504 4485 incontinenter,
544 4433 634 4494 quum
663 4413 732 4477 tacit
762 4432 836 4495 quae
865 4415 949 4480 iubet
978 4413 1124 4499 cupiditas
1180 4415 1285 4481 iniuste
