2776 4836
568 208 738 290 000.
765 210 801 288 ⁵.
1205 207 1284 294 aaa
1378 163 1382 171 ¹

73 403 249 468 namhoc
276 403 312 482 [si
335 401 367 465 in
390 419 458 466 euna
484 401 604 483 aliquod
630 403 752 467 illorum
773 401 928 468 nominum
950 401 1134 484 conveniat],
1162 422 1229 470 non·
1244 414 1292 471 est

131 499 152 544 ὅ
171 492 256 572 quod
276 507 467 553 moneamus:
494 491 576 554 00110
593 491 671 553 enim
690 491 829 565 scientia,
849 491 911 553 sire
930 509 965 552 ea
983 492 1210 574 contemplativa
1225 495 1289 558 sive

171 577 307 641 enacuva
329 586 384 651 est,
406 578 447 640 ita
464 577 595 659 loquitur
615 580 663 641 vel
678 579 738 658 agit
758 587 792 641 ut
809 581 882 642 haec
896 577 1020 658 insuper
1035 578 1171 642 deliniat:
1189 600 1288 663 neque

168 666 217 730 lais
246 666 474 745 supervacaneis
505 665 726 730 delinitionibus
757 685 833 747 opus
864 673 909 727 est
940 663 997 727 nisi
1025 666 1168 730 adversus
1197 669 1285 732 tiicas

170 753 280 817 0111001
295 753 473 816 dialecticas.
510 753 630 834 Itaquae
646 755 721 816 haec
738 753 768 815 in
787 752 958 815 universum
974 754 1032 814 laoc
1053 756 1144 818 mode
1167 755 1287 820 delinita

167 841 247 915 sint,
277 841 443 904 accuratius
465 848 578 914 autem,
607 859 699 921 quum
723 841 760 903 de
781 840 928 906 1011111100
946 841 1102 904 contrariis
1123 842 1286 927 disputabi-

169 945 246 1002 mus,
269 930 538 1010 pertractabuntur.

119 1020 151 1067 ¹⁰
253 1016 362 1078 Verum
392 1017 510 1099 species
534 1017 639 1079 harum
665 1016 854 1081 affectionum
883 1032 994 1079 nomen
1025 1036 1063 1080 ex
1092 1037 1128 1081 00
1155 1020 1283 1096 uehunt,

170 1105 253 1184 quod
281 1104 423 1167 differunt
450 1122 572 1168 excessu
600 1105 647 1166 rel
674 1106 818 1186 temporis
847 1104 894 1166 vel
923 1104 1032 1184 gradus
1052 1107 1100 1168 vel
1122 1107 1283 1172 relationis.

172 1189 308 1272 Exempli
327 1194 419 1271 gratia
441 1193 619 1254 cerebrosus
647 1191 769 1265 dicitur,
794 1191 843 1273 qni
862 1191 964 1266 citius,
988 1210 1075 1272 quam
1096 1203 1212 1258 rectum
1230 1206 1284 1272 est,

173 1278 217 1341 ira
238 1279 382 1341 allicitur:
410 1298 499 1380 asper
530 1288 561 1342 01
587 1280 810 1354 stomachosus,
840 1279 889 1360 qui
914 1281 1134 1343 vehementius:
1167 1301 1285 1348 amarus

170 1384 226 1427 sen
241 1367 376 1442 acerbus,
399 1368 448 1467 qni
467 1368 606 1430 observat
624 1375 654 1430 et
678 1376 777 1449 captat
794 1367 980 1431 occasionem
998 1367 1177 1432 ulciscendi:
1196 1390 1287 1437 manu

127 1461 155 1508 ¹⁶
174 1470 281 1515 000000
297 1463 327 1516 01
342 1453 506 1535 iurgiosus,
527 1455 609 1517 cuius
628 1456 665 1518 ad
683 1455 912 1518 ulciscendum
904 1473 947 1517 rra
966 1457 1143 1538 prorumpit
1186 1459 1286 1541 Cupe-

173 1540 226 1603 des
248 1549 347 1604 autem
364 1550 408 1605 et
415 1543 511 1622 gulosi
533 1550 564 1605 et
579 1543 674 1606 vinosi
697 1563 732 1606 en
756 1562 792 1605 00
813 1542 1013 1616 nominantur,
1034 1544 1179 1624 0001001
1193 1547 1284 1610 alter·

169 1636 270 1690 utrum
293 1630 500 1694 alimentorum
524 1649 619 1710 genus
640 1632 856 1711 perfruendum
879 1637 982 1693 eontra
1008 1632 1154 1694 rationem
1174 1634 1285 1698 habent

169 1715 338 1779 facultatem
367 1718 523 1799 passivam.
570 1718 672 1798 Neque
699 1738 769 1781 vero
796 1718 1048 1801 praetereundum
1074 1729 1134 1794 est,
1164 1721 1190 1783 si
1211 1741 1284 1805 quo-

167 1805 255 1867 aaodo
271 1804 309 1866 de
331 1805 423 1886 gradu
445 1805 592 1886 passionis
612 1806 734 1879 dicatur,
754 1806 785 1869 id
801 1806 976 1886 quibusdam
995 1824 1098 1869 eorum
1118 1827 1179 1870 non
1201 1828 1283 1872 com·

122 1900 153 1944 ²⁰
170 1899 289 1972 petere:
320 1892 449 1974 exempli
471 1911 558 1955 causa
581 1893 698 1955 adulter
723 1912 840 1956 00000
864 1892 987 1965 dicitur,
1018 1894 1086 1974 quia
1108 1895 1282 1976 plusquam

169 1979 275 2041 deceat
297 1999 364 2042 cum
389 1981 533 2044 matronis
555 1999 619 2042 rem
640 1981 761 2044 haheat:
791 1999 860 2043 nam
882 1980 914 2041 in
932 1981 991 2043 hoc
1012 1983 1121 2061 gradus
1143 2002 1205 2046 non
1228 1992 1282 2058 est,

167 2066 223 2128 sed
252 2067 327 2129 haec
357 2076 402 2131 est
431 2069 560 2150 pravitas
585 2068 735 2131 absoluta:
763 2086 833 2130 nam
862 2068 984 2130 meatus
1015 2077 1045 2131 et
1074 2088 1140 2131 esse
1168 2071 1198 2133 in
1225 2072 1284 2135 huc

167 2153 285 2227 affectu,
306 2157 464 2220 coniuncte
484 2175 551 2219 cum
574 2157 686 2237 probro
706 2154 823 2219 dieitur.
861 2155 944 2217 ldem
966 2156 1045 2218 valet
1067 2157 1104 2219 de
1125 2156 1284 2223 insolentia

169 2248 200 2302 et
219 2240 390 2322 peurlantia.
436 2244 535 2317 Quare
553 2242 640 2306 etiam
662 2243 821 2324 disputant,
845 2261 879 2304 ac
898 2261 931 2306 se
947 2260 1011 2305 rem
1029 2242 1168 2307 habuisse
1186 2246 1283 2309 laten·

168 2336 234 2402 tur,
269 2330 324 2392 sed
352 2330 529 2393 adulterium
559 2331 742 2394 commisisse
771 2338 897 2410 negant:
934 2349 1002 2393 nam
1036 2332 1207 2410 ignorantes
1236 2336 1282 2398 rel
1339 2402 1344 2409 ,

121 2432 151 2476 aa
170 2424 289 2478 coactos
311 2435 345 2478 se
365 2418 486 2480 iecisse:
518 2426 548 2480 et
572 2419 707 2499 pulsasse
725 2418 844 2499 quidem
866 2436 899 2480 se
922 2419 1042 2492 dicunt,
1067 2436 1166 2501 neque
1184 2427 1282 2484 tamen

168 2503 335 2567 insolenter
353 2523 387 2566 ac
408 2506 579 2587 petulanter
600 2513 758 2568 tractasse:
781 2505 975 2586 similiterque
995 2506 1027 2568 in
1049 2505 1203 2570 similibus.

145 2591 168 2663 4
252 2591 304 2654 llis
329 2592 495 2655 constitutis
519 2593 678 2656 dicendum
701 2601 763 2668 est,
796 2613 887 2674 quum
913 2595 974 2656 sint
1003 2595 1078 2656 duae
1102 2603 1202 2676 partes
1219 2596 1283 2659 ani·

168 2697 251 2752 mae,
278 2695 429 2760 quumque
453 2681 577 2743 virtutes
606 2689 746 2762 respectu
776 2683 881 2743 harum
908 2681 1036 2760 partium
1064 2680 1231 2746 dividantur
1254 2692 1284 2746 et

169 2765 229 2827 sint
246 2767 356 2848 partim
377 2767 611 2843 intellectuales,
630 2770 689 2830 hoc
712 2776 758 2830 est
778 2769 871 2850 partis
889 2769 1004 2831 ratione
1025 2768 1186 2849 praeditae,
1210 2789 1282 2851 qua-

122 2870 152 2915 sa
170 2872 236 2915 rum
258 2873 367 2917 010000
390 2863 421 2917 01
443 2855 573 2929 ultimum
596 2864 642 2918 est
661 2856 784 2929 ventas,
816 2875 890 2937 quae
920 2864 970 2917 aut
997 2857 1027 2919 in
1051 2875 1152 2918 rerum
1177 2865 1283 2920 natura

169 2940 385 3005 consideranda
411 2951 462 3006 aut
482 2943 514 3005 in
538 2944 629 3006 rebus
650 2943 852 3025 producendis
880 2940 993 3005 elucet:
1014 2941 1122 3023 partim
1144 2945 1282 3019 morales,

167 3030 227 3091 hoc
248 3039 294 3091 est
316 3030 425 3111 partis,
453 3030 576 3094 rationis
598 3032 717 3113 quidem
736 3030 884 3111 expertis,
908 3031 962 3092 sed
979 3029 1113 3111 appetitu
1131 3030 1282 3109 praeditae

168 3116 279 3197 (neque
305 3117 384 3179 enim
412 3119 561 3200 quaelibet
586 3137 656 3202 pars
679 3117 810 3191 animae,
841 3118 867 3179 si
893 3117 1011 3197 quidem
1039 3116 1136 3178 anima
1165 3117 1282 3182 dividua

169 3210 230 3277 est,
253 3205 386 3285 praedita
409 3207 543 3288 appetitu
563 3209 637 3288 est):
664 3206 822 3268 dicendum
847 3212 892 3267 est
909 3204 1007 3284 igitur,
1026 3204 1196 3267 necessario
1216 3226 1283 3269 mu·

169 3309 219 3353 res
236 3299 287 3352 aut
307 3293 419 3373 probos
442 3313 508 3357 esse
526 3302 577 3356 aut
597 3313 714 3376 pravos,
736 3301 827 3375 prout
846 3294 936 3354 horno
956 3299 1051 3354 certas
1070 3293 1212 3373 quasdam
1229 3312 1282 3356 vu·

168 3377 298 3459 luptates
328 3387 358 3441 et
381 3381 500 3444 dolores
518 3389 640 3463 appetat
660 3388 711 3442 aut
730 3380 830 3459 fngiat
872 3379 1030 3442 Declarant
1051 3381 1109 3442 hac
1130 3399 1180 3454 ea,
1207 3400 1283 3462 quae
1328 3389 1331 3394 ’

122 3480 153 3534 aa
169 3484 259 3547 supra
277 3465 307 3527 in
331 3467 474 3531 divisione
497 3468 679 3550 passionum,
700 3468 871 3529 facultatum
892 3475 922 3528 et
941 3467 1091 3530 habituum
1112 3469 1282 3550 posuimus:

169 3553 322 3615 facultates
346 3555 425 3617 enim
446 3563 477 3617 et
494 3555 612 3618 habitus
630 3557 803 3636 passionum
825 3562 911 3628 sunt,
930 3554 1085 3636 passiones
1107 3563 1206 3619 autem
1225 3556 1283 3618 'do-

168 3640 233 3703 lore
256 3647 287 3701 01
305 3641 458 3723 voluptate
481 3642 672 3705 definiuntur.
713 3642 813 3722 ltaque
833 3651 863 3705 01
889 3661 924 3706 ex
947 3642 993 3706 lais
1012 3651 1042 3705 et
1065 3663 1099 3706 ex
1119 3643 1284 3726 superiori·

167 3728 224 3790 bus
247 3735 364 3790 0000101
392 3747 512 3792 omnem
537 3730 677 3792 virtutem
700 3730 844 3793 moralem
872 3730 954 3793 cerni
982 3731 1013 3793 in
1035 3732 1235 3812 vuluptatibus
1253 3739 1284 3794 et

168 3814 322 3877 doloribus
344 3817 391 3878 vel
420 3817 573 3879 molestiis.
623 3817 697 3879 Nam
718 3817 825 3897 quibus
846 3818 937 3880 rebus
959 3818 1074 3881 animus
1095 3837 1151 3899 pro
1178 3827 1283 3881 natura

168 3920 222 3964 sua
243 3902 350 3965 melior
367 3903 489 3986 peiorare
512 3904 561 3978 tit,
587 3904 693 3966 adeas
720 3923 769 3966 res
791 3905 887 3966 tendit
909 3904 987 3966 etin
1006 3905 1053 3967 his
1074 3913 1209 3967 versatur
1229 3925 1282 3967 ro·

80 3989 276 4070 metopas.
332 3989 377 4053 Oh
404 3991 571 4071 voluptates
601 3999 700 4054 autem
728 3999 758 4052 01
788 3992 825 4053 ab
857 3992 977 4053 dolores
1013 3989 1150 4053 homines
1174 4010 1283 4072 pravos

169 4095 235 4138 0000
260 4075 402 4152 dicimus,
429 4095 519 4160 quum
541 4080 649 4142 horum
672 4097 707 4140 ea
725 4085 890 4158 sequuntur
911 4095 946 4140 ac
967 4076 1099 4156 1031001,
1125 4095 1200 4158 quae
1221 4095 1283 4144 000

168 4163 279 4226 debent
298 4173 349 4228 aut
366 4174 400 4229 ut
420 4184 481 4228 non
501 4167 620 4230 dehent
662 4166 761 4265 Quare
780 4172 951 4246 promptum
972 4165 1110 4227 omnihus
1127 4163 1201 4227 illud
1224 4174 1279 4240 est,

167 4259 201 4313 ut
222 4251 345 4315 virtutes
371 4253 525 4333 assignent
545 4253 644 4316 animo
660 4253 694 4315 in
716 4251 916 4333 voluptatibus
937 4258 968 4313 st
994 4251 1178 4314 doloribus
1168 4271 1282 4353 impar-

135 4339 287 4402 aturbato
309 4348 339 4402 et
359 4338 621 4423 tranquillantis
641 4348 740 4403 autem
761 4338 863 4403 venire
881 4337 981 4402 dicant
998 4357 1034 4401 ex
1056 4339 1221 4402 0001101110

144 4420 165 4490 d
246 4426 393 4502 Quoniam
413 4435 512 4493 autem
534 4428 688 4513 posuimus
707 4427 846 4492 virtutem
868 4444 936 4491 0000
954 4425 1044 4492 talem
1061 4426 1211 4503 hobitum,
1233 4428 1283 4511 qui
