2776 4836
89 220 168 302 28⁰
637 222 746 299 lbi.

91 414 332 479 tnta-blotiano
555 413 687 479 Duritia
706 430 749 482 vol
762 430 887 483 malornm
902 430 945 482 iu·
999 413 1180 479 Toleranlit
1308 416 1343 469 Μ

589 501 754 551 considerata
773 500 905 568 perpessio
1335 503 1342 544 t

135 598 162 644 ¹⁰
178 588 276 652 Animi
296 590 404 653 stolida
426 587 513 651 olatio
556 587 650 650 Nimia
673 587 813 651 demissio
995 589 1180 669 Magnitudo
1197 589 1261 653 iniri

180 678 401 757 sumptuositas
558 675 716 737 renisus
993 676 1220 755 Magnificentia

179 764 316 827 Vorsutia
559 762 740 843 Simplicitas
993 762 1172 827 Prudentia

259 852 322 913 liae
347 851 437 930 igitur
465 851 630 929 harumque
657 848 768 912 similes
790 848 946 930 passiones
978 848 1013 913 in
1039 851 1155 915 animis
1176 852 1280 914 orisnm

180 940 263 1014 Quae
278 938 398 1019 quidem
414 956 519 1000 omnes
534 937 642 1019 partim
657 937 780 999 modum
797 935 982 1011 excedendo,
1001 938 1125 1019 partim
1139 940 1282 1011 detinendo,
1299 892 1306 999 l

136 1033 163 1077 ¹⁸
180 1025 211 1087 in
234 1026 336 1088 vitium
361 1027 528 1088 incurrunt·
575 1024 739 1087 Iracundus
764 1022 932 1097 steterim,
965 1024 1019 1105 qui
1052 1027 1253 1090 vehementius
1267 1035 1286 1087 et
1341 1023 1343 1041 '

182 1112 308 1174 celerius
332 1120 362 1174 et
384 1113 422 1174 ob
445 1113 541 1193 plura,
565 1128 652 1192 mam
670 1112 768 1184 debet,
786 1109 938 1173 irascitur:
958 1112 1069 1175 lentus
1089 1132 1176 1189 rero,
1193 1114 1238 1195 qui
1252 1115 1287 1176 do
1307 1144 1315 1221 q

181 1198 243 1261 licit
261 1199 293 1262 in
311 1199 469 1262 irascendo
492 1209 523 1262 et
540 1199 647 1279 quibus
667 1206 697 1260 et
717 1198 835 1278 quomo
858 1202 888 1259 et
909 1201 1072 1278 quomodo
1092 1200 1185 1264 irasci
1205 1200 1289 1265 debuit

181 1286 283 1350 Audax
307 1294 367 1361 est,
390 1286 440 1367 qui
457 1305 556 1367 neque
579 1306 654 1367 quae
672 1286 762 1348 debet
780 1284 900 1358 metunt,
922 1304 1025 1367 neque
1052 1289 1196 1369 quando,
1216 1308 1291 1368 neque
1316 1332 1319 1343 .

182 1375 350 1454 quomodo:
369 1374 490 1437 timidus
509 1392 591 1446 vero,
611 1374 661 1454 qui
680 1373 768 1436 edam
786 1392 830 1446 ea,
847 1390 922 1453 quae
937 1390 1002 1435 non
1019 1375 1131 1449 debet,
1150 1383 1182 1439 et
1196 1376 1291 1457 quarm

181 1481 243 1523 non
263 1462 362 1534 debet,
384 1469 415 1523 et
429 1459 580 1541 quomodo
596 1479 659 1523 nou
678 1460 776 1532 debet,
792 1460 905 1523 meurit
935 1458 1089 1524 Similiter
1103 1463 1292 1545 intemperans

137 1558 165 1603 ao
183 1556 238 1622 est,
261 1549 311 1628 qui
333 1549 431 1610 nimiis
449 1549 585 1627 indulget
602 1547 811 1629 cupiditatibus
830 1555 860 1609 et
877 1546 1115 1630 quibuscunque
1133 1552 1225 1614 rebus
1241 1558 1294 1632 pot·

183 1644 229 1698 est
256 1636 363 1698 transit
391 1636 529 1698 modum:
561 1644 665 1698 contra
693 1635 817 1714 lrig'dus
843 1652 1010 1715 sensusque
1039 1637 1173 1701 humani
1204 1656 1295 1719 expers

184 1724 298 1785 dicatur
319 1723 355 1796 is,
378 1724 426 1803 qui
444 1724 521 1784 inira
543 1724 666 1785 modum
689 1729 743 1795 est,
767 1740 864 1802 neque
886 1729 1018 1797 tantum,
1043 1732 1199 1804 quantum
1220 1744 1298 1806 expe
1319 1752 1327 1799 q

184 1811 227 1873 dit
247 1818 277 1873 et
295 1818 418 1873 naturae
442 1810 597 1882 convenit,
621 1808 822 1891 concupiscit,
845 1811 899 1872 sed
920 1808 1028 1891 lapidis
1050 1810 1156 1877 instar
1176 1814 1255 1875 nidla
1272 1830 1298 1873 re

183 1906 330 1961 movetur.
371 1898 460 1960 Lucri
479 1898 623 1978 cupidus,
652 1897 701 1977 qui
720 1897 917 1977 undequaque
939 1904 1102 1977 quaestum
1127 1909 1161 1963 et
1180 1919 1299 1963 commo
1323 1906 1330 1959 t

184 1987 255 2048 dum
277 2005 365 2048 suum
386 1992 565 2066 aucupatur:
592 1984 691 2047 damni
713 1983 830 2064 patiens
852 1992 914 2057 est,
936 1984 986 2065 qui
1004 1986 1091 2049 nulla
1115 2007 1157 2051 ex
1178 2007 1214 2051 re
1229 2006 1299 2050 oom-

183 2075 307 2136 modum
323 2091 410 2135 suum
425 2072 540 2153 quaerit
555 2073 690 2153 adeoque
705 2070 845 2152 pauciora
860 2071 938 2133 iusto
956 2072 1003 2151 [ex
1022 2073 1070 2135 bis
1092 2094 1176 2156 quae
1193 2094 1300 2139 sumere

184 2159 242 2241 ipsi
267 2161 446 2242 permissum
474 2161 530 2239 est]
560 2159 615 2221 sibi
645 2157 782 2220 vindicat
831 2158 1004 2233 Gloriosus,
1039 2160 1091 2243 qui
1123 2164 1197 2245 plus
1224 2181 1300 2244 quam

139 2252 167 2294 ²⁵
185 2247 274 2309 habet
292 2248 402 2310 habere
425 2265 491 2309 sese
517 2247 648 2310 simulat:
678 2245 895 2321 dissimulator,
919 2246 968 2327 qui
991 2247 1103 2311 minus.
1156 2250 1300 2321 adulator,

185 2332 235 2413 qui
258 2335 350 2395 effuse
371 2335 459 2397 etiam
482 2352 533 2408 ea,
562 2352 637 2415 quae
659 2352 720 2395 non
748 2341 864 2396 rectum
887 2340 948 2407 est,
976 2334 1147 2399 collaudat:
1179 2338 1300 2407 odiosus,
1327 2342 1336 2423 ᾖ

186 2419 288 2500 quiin
312 2421 461 2483 laudando
484 2430 529 2483 est
552 2422 630 2484 iusto
659 2420 786 2504 parcior.
830 2420 922 2483 Nimis
944 2422 1036 2484 multa
1060 2424 1099 2485 ad
1123 2425 1301 2507 voluptatem
1329 2438 1334 2513 Ι

186 2506 307 2568 alterius
329 2508 491 2588 parandam
509 2509 609 2572 dicere
630 2515 660 2569 et
675 2508 773 2569 lacere
794 2507 1001 2571 assentationis
1018 2518 1081 2572 est:
1103 2511 1200 2575 nimis
1218 2530 1301 2593 pauca
1330 2518 1337 2545 t

186 2602 216 2656 et
233 2612 331 2672 aegre,
354 2593 540 2657 insolentiae.
581 2595 639 2669 Qui
656 2594 768 2657 nullam
790 2596 957 2659 molestiam
975 2615 1011 2659 ac
1026 2597 1148 2661 nullum
1170 2600 1300 2662 dolorem

185 2700 224 2743 ne
246 2688 309 2743 tum
331 2681 460 2763 qrridem,
484 2701 575 2763 quum
597 2691 713 2744 rectum
734 2690 794 2755 est,
817 2682 953 2757 sustinet,
972 2682 1071 2746 mollis
1090 2694 1237 2749 vocatur:
1259 2686 1301 2766 qui

141 2775 168 2820 ³⁰
187 2788 307 2832 omnem
328 2768 494 2832 molestiam
525 2770 631 2831 eodem
654 2769 751 2832 animo
779 2769 919 2844 sustinet,
950 2789 1037 2833 suum
1067 2773 1191 2837 nullum
1221 2775 1302 2836 habet
1333 2772 1343 2833 l

186 2875 314 2931 nomen,
349 2856 492 2919 translato
519 2857 640 2919 nomine
671 2857 762 2919 durus
793 2865 823 2919 et
850 2877 1045 2921 aerumnosus
1075 2867 1119 2921 et.
1134 2861 1301 2925 laboriosus

186 2945 363 3026 appellatur.
406 2944 507 3007 Elatus
529 2944 559 3006 in
583 2964 691 3007 vanum
712 2943 762 3007 ille
787 2946 974 3020 nominatur,
1004 2946 1053 3026 qui
1075 2947 1244 3012 maioribus
1265 2968 1303 3019 se,

188 3051 274 3112 quam
298 3053 353 3116 par
373 3040 428 3105 est,
451 3033 572 3112 dignum
592 3032 720 3094 iudicat:
744 3034 891 3094 demissus
912 3042 942 3096 et
959 3041 1113 3113 angustus,
1135 3036 1190 3117 qui
1212 3036 1304 3098 mino·
1329 3114 1333 3125 Ι

187 3120 278 3182 ribus.
318 3121 427 3183 Asotus
450 3122 497 3182 vel
521 3120 675 3203 prodigus,
699 3120 801 3199 quiin
825 3119 906 3183 omni
928 3129 1049 3203 sumptu
1069 3124 1199 3185 modum
1223 3143 1303 3186 eroe-

187 3208 244 3268 dit:
270 3208 437 3281 illiberalis,
472 3208 521 3288 qui
550 3209 587 3269 ad
619 3226 737 3270 omnem
768 3215 920 3288 sumptum
947 3209 1066 3288 parcior
1088 3217 1119 3271 et
1140 3211 1304 3273 restrictior

141 3305 169 3348 ³5
189 3302 242 3356 est.
284 3295 393 3357 Similis
416 3296 490 3357 ratio
517 3303 563 3356 est
588 3295 701 3357 tenacis
728 3295 900 3375 sordidique
925 3295 1053 3359 hominis
1083 3303 1175 3378 atque
1205 3306 1301 3360 osten-

187 3383 291 3444 tatoris
310 3383 448 3461 gloriosi:
472 3402 599 3462 quorum
619 3384 694 3445 alter
708 3383 794 3456 ultra,
818 3402 905 3463 quani
922 3383 1065 3445 decorum
1084 3392 1141 3464 est,
1163 3385 1301 3456 excurrit,

187 3469 262 3529 alter
285 3469 405 3530 citerius
429 3469 538 3532 decoro
561 3471 682 3532 resistit.
723 3472 865 3532 Versutus
886 3489 973 3532 suum
996 3473 1189 3535 commodum
1211 3471 1303 3534 omni-

186 3555 242 3615 bus
270 3556 366 3617 modis
395 3563 424 3615 et
448 3575 484 3616 ex
512 3557 648 3619 omnibus
671 3559 760 3619 rebus
783 3578 850 3621 cum
880 3558 1063 3638 reliquorum
1085 3560 1193 3622 iraude
1216 3578 1302 3621 aucu-

187 3646 288 3718 patur:
316 3640 501 3720 simplexne
525 3662 561 3703 ex
582 3643 628 3704 his
651 3645 785 3723 quidem,
809 3647 889 3707 unde
910 3645 998 3719 licet,
1022 3646 1146 3726 quaerit.
1183 3646 1303 3709 Invidus

186 3726 308 3787 modum
338 3734 460 3806 superat
491 3728 619 3790 dolendo
647 3729 684 3790 de
716 3732 851 3811 pluribus
883 3734 972 3795 rebus
1006 3733 1146 3795 secundis
1177 3734 1301 3797 aliorum

187 3831 274 3893 quam
297 3814 396 3875 decet:
427 3833 496 3875 nam
517 3815 604 3876 etiam
623 3816 653 3888 ii,
673 3818 722 3895 qui
745 3820 863 3881 fortuna
886 3821 1016 3883 secunda
1039 3820 1120 3900 digni
1138 3829 1227 3894 sunt,
1250 3824 1303 3884 llo-

187 3900 321 3963 rentibus
349 3901 438 3962 rebus
466 3901 526 3963 suis
553 3903 687 3965 dolorem
716 3904 817 3968 invido
847 3909 984 3970 alierunt
1036 3907 1113 3971 Huic
1135 3912 1302 3972 contrarius

100 3989 314 4070 1n1.s.p1·oprio
333 3989 454 4052 nomine
476 3997 572 4052 caret:
603 3990 656 4052 sed
682 4000 728 4053 est
749 3993 815 4055 talis
832 3996 938 4069 homo,
966 3995 1015 4076 qui
1034 3996 1065 4057 in
1086 4014 1149 4057 non
1173 3996 1302 4059 dolendo

185 4077 261 4139 ultra
283 4078 406 4139 modum
425 4078 649 4159 progrediatur,
668 4096 703 4140 ao
723 4098 762 4140 ne
783 4080 974 4160 indignorum
998 4083 1119 4163 quidem
1141 4084 1297 4146 bominum

186 4165 336 4227 fortunam
351 4166 513 4227 secundam
533 4165 713 4245 indignetur,
733 4167 787 4227 sed
806 4168 884 4229 hanc
901 4188 996 4251 aequo
1012 4170 1113 4232 animo
1130 4178 1160 4233 et
1178 4171 1303 4233 faciliter

185 4251 270 4324 ierat,
294 4254 542 4332 quemadmodum
563 4272 685 4314 voraces
703 4253 817 4315 nullum
841 4256 938 4319 cibum
957 4257 1127 4332 fastidiunt,
1149 4258 1223 4321 dum
1247 4259 1301 4322 dil-

185 4337 270 4400 ficilis
290 4346 320 4400 et
338 4340 507 4402 fastidiosus
524 4338 648 4402 inclinat
668 4341 705 4402 ad
726 4340 875 4406 invidiam.

266 4425 327 4489 Sed
346 4425 377 4489 in
404 4427 528 4509 singulis
550 4427 640 4489 rebus
661 4426 788 4508 aliquem
808 4449 869 4495 non
891 4450 948 4513 per
968 4429 1107 4496 accidens
1128 4450 1163 4494 se
1185 4431 1227 4496 ita
1249 4434 1301 4496 ba·
