2776 4836
529 207 604 282 VII.
636 209 692 282 to,
723 208 779 284 11.
1178 203 1255 288 329

59 400 205 468 mistiae
227 419 268 461 ac
282 402 425 482 pecuniae
448 401 605 483 proportio
624 401 793 481 quaerenda
816 408 870 463 est.
909 400 986 463 Tum
1005 419 1074 462 vero
1097 399 1256 464 videntium

99 491 127 534 ³⁵
147 495 201 560 est,
225 490 294 568 quid
316 509 421 551 revera
443 492 479 552 ab
502 497 628 568 utroque
653 490 753 550 datum
772 489 818 549 sit.
859 489 931 550 Nam
951 489 976 550 si
994 488 1070 549 alter
1090 487 1127 550 de
1149 507 1255 552 acervo

143 575 259 639 minore
281 585 394 657 partem
419 576 579 650 dimidiam,
602 577 736 638 alterne
759 595 865 638 acervo
888 577 981 639 multo
1004 575 1115 637 maiore
1134 595 1173 637 ne
1189 577 1256 638 mil-

144 662 277 726 lesimam
297 658 415 745 quidem
434 672 548 745 partem
570 664 667 737 dedit,
691 664 879 726 manifestuum
901 671 961 737 est,
987 663 1184 743 posteriorem
1200 665 1255 726 ho-

145 770 211 813 rum
231 754 328 814 facere
350 753 486 814 iniuriam
515 752 549 830 [si
572 751 691 831 quidem
711 753 799 835 plane
823 759 935 813 tantum
958 769 1084 812 numero
1105 752 1142 812 ab
1162 751 1255 813 altero

145 839 291 918 postulat,
323 849 464 919 quantum
489 841 554 918 ipse
573 839 641 899 imic
664 839 785 916 tribuit}
830 839 939 902 Verum
960 839 1008 901 hic
1030 858 1148 917 quoque
1169 858 1255 900 causa

145 926 203 987 litis
226 927 258 988 iu
279 928 425 1007 principio
440 928 520 999 latet,
544 926 690 1004 siqnidem
710 927 784 987 aiter
805 946 837 987 se
857 927 960 990 ambos
980 926 1120 988 utilitates
1139 934 1256 988 mutuas

144 1022 300 1094 sperantes
331 1015 426 1076 coisse
445 1015 592 1085 affirmat,
632 1014 706 1076 aiter
734 1016 792 1075 hoc
822 1023 907 1092 negat
940 1022 969 1075 et
997 1013 1082 1075 aiiam
1112 1013 1255 1076 amicitiae

144 1120 261 1163 causam
281 1103 373 1167 tuisse
395 1102 558 1163 contendit.

60 1176 166 1245 ’“·³·.
192 1241 194 1244 ,
224 1189 266 1250 De
288 1190 450 1251 virobono
475 1198 504 1249 et
528 1189 634 1250 virtute
654 1207 706 1250 sua
730 1190 935 1250 commendato
958 1191 1124 1268 quaeritur,
1155 1199 1254 1251 utrum

98 1229 211 1337 1¹huic
228 1279 465 1340 succurrendum
486 1286 516 1337 et
535 1277 734 1339 auxiliandum
757 1277 847 1338 rebus
869 1277 990 1338 utilibus
1011 1276 1065 1350 sit,
1099 1295 1136 1338 an
1155 1280 1254 1358 potius

142 1363 194 1436 illi,
219 1364 268 1444 qui
286 1366 392 1426 recidat
409 1365 554 1426 beneficia
570 1372 692 1444 accepta
716 1373 745 1425 et
764 1365 859 1444 possit
882 1364 968 1425 etiam
991 1364 1127 1425 reddere.
1173 1367 1254 1439 Quae

143 1453 277 1532 quaestio
300 1471 360 1513 non
385 1452 439 1513 alia
460 1461 505 1514 est
523 1471 557 1513 uc
575 1453 599 1514 si
620 1452 787 1532 quaeritur,
817 1459 915 1513 utrum
937 1451 967 1513 in
990 1452 1103 1524 amico,
1129 1470 1166 1512 au
1188 1454 1254 1530 [ne-

143 1539 239 1616 glecto
262 1541 366 1613 amico,
389 1540 551 1618 indigente]
574 1540 604 1601 in
624 1541 687 1601 viro
710 1539 790 1600 bono
809 1539 952 1601 beneficia
976 1539 1122 1600 collocare
1144 1539 1254 1602 debea-

106 1632 219 1688 ⁶mus
267 1627 339 1687 Nam
361 1628 386 1687 si
409 1627 487 1688 idem
511 1635 540 1688 et
563 1628 674 1688 amicus
705 1637 735 1688 et
756 1628 843 1689 simul
866 1627 910 1688 vir
933 1627 1030 1688 bonus
1054 1635 1115 1695 est,
1146 1645 1195 1688 res
1216 1630 1252 1689 ad

143 1713 362 1775 diiudicandum
381 1716 459 1776 haud
481 1734 553 1775 sane
577 1715 703 1776 difficilis
723 1723 778 1788 est,
800 1715 855 1776 nisi
878 1716 955 1776 sorte
972 1714 1037 1795 quis
1060 1715 1185 1776 alterum
1201 1734 1254 1777 au·

143 1809 225 1878 gem,
245 1801 370 1862 alterum
386 1802 515 1873 minuat,
540 1811 569 1861 et
588 1803 644 1863 vim
667 1801 754 1862 amici
771 1804 963 1864 vehementer
985 1810 1097 1880 urgeat,
1120 1801 1179 1862 rim
1199 1803 1253 1864 viri

140 1887 211 1947 iusti
234 1907 295 1948 non
318 1888 389 1949 tanti
408 1888 552 1949 aestimet.
596 1889 648 1950 Sin
666 1904 726 1950 ‘res
749 1908 808 1950 non
832 1889 871 1950 ita
899 1895 1085 1969 comparatae
1109 1897 1193 1962 suot,
1221 1898 1254 1952 ut

142 1974 245 2034 eadem
264 1993 393 2054 persona
410 1985 440 2036 et
457 1976 546 2036 homo
569 1975 620 2037 tibi
643 1976 754 2037 anticus
774 1983 803 2037 et
824 1977 911 2037 simul
931 1977 1086 2037 virbonus
1104 1975 1152 2050 sit,
1175 1979 1253 2039 mui-

142 2069 189 2121 tae
208 2061 396 2141 quaestiones
419 2062 563 2123 existunt:
588 2063 715 2142 exempli
733 2063 823 2140 gratia
845 2064 869 2124 si
886 2063 940 2124 iuit
956 2063 1031 2124 alter
1047 2062 1158 2124 anneus
1174 2072 1252 2138 tuus,
1304 2114 1307 2119 .

140 2148 194 2209 sed
217 2167 278 2209 non
301 2150 427 2228 amplius
449 2150 560 2211 amicus
585 2159 651 2212 tuus
668 2152 784 2211 iuturus
807 2169 873 2211 esse
894 2150 1026 2223 vitietur,
1058 2150 1260 2214 atterentem

140 2235 252 2297 amicus
278 2244 345 2297 tuus
365 2238 480 2298 iuturus
500 2256 565 2298 esse
589 2238 719 2309 videtur,
744 2239 798 2300 sed
817 2238 949 2299 nondum
973 2245 1019 2299 est
1040 2237 1151 2299 amicus
1174 2246 1252 2313 tuus,

141 2330 192 2383 aut
212 2323 236 2384 si
259 2324 313 2385 tuit
335 2325 410 2386 aiter
432 2325 600 2396 virbonus,
618 2325 671 2386 sed
690 2343 751 2403 nqn
773 2325 899 2406 amplius
920 2332 969 2391 est
982 2325 1026 2385 vir
1048 2325 1155 2399 bonus,
1178 2327 1253 2388 aiter

139 2417 238 2472 autem
261 2420 306 2472 est
328 2412 498 2483 virbonus,
524 2413 576 2472 sed
599 2420 686 2474 antea
705 2432 765 2473 non
785 2413 839 2474 suit
857 2413 1030 2474 virbonus:
1052 2413 1145 2474 antei
1167 2415 1251 2476 alteri

92 2504 120 2549 ¹⁰
140 2498 246 2559 horum
263 2519 351 2579 opem
369 2501 448 2576 ferre
472 2519 537 2561 caim
557 2497 670 2561 maiore
694 2500 865 2563 difficultate
883 2501 1073 2563 coniunctum
1093 2509 1146 2563 est.
1177 2502 1252 2563 For-

140 2592 218 2645 tasse
239 2587 316 2648 enim
339 2587 447 2666 aliquid
471 2587 731 2667 (licitumque,
754 2607 844 2667 quum
863 2590 936 2650 haec
959 2588 1083 2650 scribat:

299 2673 424 2746 „Verbis
449 2674 590 2735 levandus
612 2675 677 2746 ilie,
701 2677 867 2756 quiveritis
891 2677 986 2738 levet:

327 2760 423 2823 Factis
445 2764 592 2824 invandas
614 2762 679 2833 itte,
705 2767 756 2845 qni
772 2767 858 2844 sactt‘s
890 2769 1007 2825 iooot.“

139 2847 242 2927 Neque
272 2849 370 2909 omnia
394 2849 470 2928 patri
497 2857 526 2910 te
556 2849 656 2927 largiri
683 2858 796 2911 rectum
828 2859 889 2923 est,
920 2851 973 2911 sed
997 2846 1141 2930 quaedam
1164 2847 1251 2907 etiam

141 2935 227 2996 matri
250 2936 407 2997 tribuenda
430 2945 516 3009 sunt,
541 2937 674 3016 quamvis
696 2938 895 3017 praestantior
920 2944 1005 3016 pater
1032 2936 1078 2996 sit.
1120 2933 1252 3013 Namque

138 3042 177 3085 ne
198 3023 258 3083 iovi
281 3023 400 3103 quidem
420 3023 519 3085 omnia
541 3024 741 3096 immolantur,
766 3043 822 3085 nec
839 3042 944 3085 omnes
960 3023 1029 3084 huic
1046 3019 1102 3102 sqli
1121 3021 1252 3081 honores

90 3126 119 3170 aa
137 3110 302 3183 habentur,
335 3112 388 3171 sed
421 3111 503 3172 certi¹
526 3112 653 3191 quidam.
707 3112 846 3173 Fortasse
868 3112 957 3190 igitur
983 3110 1037 3171 alia
1061 3107 1155 3169 arnico
1177 3107 1251 3180 utili,

137 3196 192 3258 alia
214 3198 277 3258 viro
296 3199 375 3259 bono
398 3199 556 3260 tribuenda
578 3207 663 3260 sunt:
690 3199 816 3280 exempli
835 3199 942 3278 gratia,
966 3198 1015 3279 qui
1038 3196 1176 3257 alimenta
1195 3214 1251 3255 no·

137 3284 183 3346 bis
203 3292 232 3345 et
249 3304 297 3346 res
313 3286 350 3346 ad
371 3285 480 3347 victum
499 3287 683 3347 necessarias
699 3288 833 3366 praebet,
854 3307 920 3348 cum
939 3288 996 3348 hoc
1015 3302 1076 3346 non
1098 3283 1250 3355 contiuuo,

137 3379 263 3452 propter
283 3373 340 3433 hoc
362 3373 512 3445 meritum,
535 3381 661 3436 aetatem
681 3375 790 3453 degere
810 3375 840 3436 iu
864 3373 961 3435 officio
985 3381 1046 3435 est:
1069 3389 1177 3451 neque,
1205 3370 1255 3431 cui¹

137 3458 290 3520 convictus
309 3467 339 3520 et
357 3461 542 3546 consuetudo
563 3469 665 3522 nostra
685 3461 846 3534 dedicatur,
869 3461 999 3532 huicce,
1023 3477 1098 3541 quae
1113 3458 1178 3538 ipse
1195 3476 1251 3518 no-

136 3546 184 3608 his
204 3554 335 3626 praestat
363 3548 484 3624 [scilicet
512 3548 656 3620 iucunda,
686 3549 724 3610 ob
747 3567 823 3629 quae
842 3548 1026 3620 consuetudo
1045 3545 1107 3608 eius
1126 3564 1142 3606 a
1164 3544 1251 3607 nobis

136 3633 306 3713 expetitum,
329 3635 383 3696 sed
403 3635 502 3715 potius
525 3653 575 3707 ea,
598 3655 672 3715 quae
690 3636 769 3697 utilis
788 3636 899 3698 amicus
921 3635 1015 3698 amico
1034 3654 1098 3696 suo
1109 3639 1274 3714 praestat„

136 3721 281 3800 praebere
303 3722 455 3783 debemus.
499 3722 608 3784 Verum
631 3723 680 3801 qui
698 3724 807 3806 ubique
828 3743 882 3804 par
901 3724 966 3803 pari
985 3724 1129 3794 referunt,
1153 3720 1250 3800 etqui

136 3807 216 3868 idem
241 3807 367 3880 iaciunt,
397 3810 476 3888 quod
503 3810 632 3872 alter-
667 3811 793 3872 amasius
814 3811 928 3872 scilicet
949 3845 986 3856 -
1016 3809 1102 3880 facit,
1133 3814 1163 3869 et
1184 3808 1250 3887 quia

135 3894 210 3955 aiter
232 3895 304 3975 ipsis
330 3896 511 3976 voluptatem
537 3905 636 3977 parnt,
668 3897 724 3977 ipsi
747 3916 865 3978 quoque
887 3898 972 3959 alteri
994 3896 1132 3957 omnihus
1153 3892 1249 3956 modis

135 3982 319 4062 voluptatem
338 4002 443 4063 parare
464 3984 596 4063 cupiunt,
620 4002 715 4063 eoque
731 3984 856 4045 consilio
872 3985 971 4046 omnia
993 3983 1044 4045 uni
1064 3979 1174 4043 amasio
1191 3979 1250 4040 lar·

136 4068 270 4148 giuntur,
300 4070 330 4130 id
355 4071 434 4150 quod
461 4071 504 4130 ias
527 4089 588 4131 non
612 4077 669 4130 est:
702 4070 732 4130 hi
762 4070 873 4131 nullius
902 4070 991 4150 pretii
1013 4068 1149 4130 homines
1170 4073 1248 4126 sunt.

89 4168 118 4212 eo
138 4152 244 4229 Quid?
273 4157 354 4237 quod
383 4157 470 4218 etiam
495 4156 682 4218 definitiones
704 4156 864 4229 amicitiae,
897 4175 971 4238 quae
993 4155 1081 4233 vulgo
1103 4154 1249 4224 feruntur,
1302 4167 1308 4180 ·

137 4260 241 4303 omnes
266 4243 385 4322 quidem
412 4245 448 4304 ad
476 4243 631 4305 amicitiam
663 4241 831 4322 pertinent,
864 4244 917 4305 sed
944 4261 1005 4304 non
1018 4241 1064 4302 'ad
1094 4238 1249 4301 amicitiam

137 4329 273 4391 eandem.
312 4330 384 4393 Nam
409 4349 444 4390 ex
461 4330 506 4391 his
525 4328 748 4391 definitionibus
764 4329 858 4391 amico
880 4329 943 4391 utili
963 4331 1021 4391 hoe
1041 4329 1193 4399 dehemus,
1216 4339 1251 4391 ut

136 4414 163 4476 ei
182 4416 273 4489 haec,
296 4434 371 4496 quae
389 4417 445 4498 ipsi
468 4417 546 4479 bona
569 4416 646 4487 sint,
679 4416 803 4479 velimus
825 4424 855 4478 et
874 4417 1089 4498 imprecemur:
1110 4414 1249 4495 idemque
