2776 4836
88 214 167 297 272
580 216 609 291 1.
634 216 671 291 6.
696 220 737 293 7.
763 213 799 291 8.

90 409 312 475 runchomines
334 408 423 489 periti
442 417 472 471 et
495 410 532 471 ad
553 408 701 488 agendum
722 407 822 469 idonei
849 404 1013 488 capiuntur
1032 404 1075 467 ab
1094 405 1151 481 iis,
1181 406 1225 487 qui
1238 424 1274 468 ner
1315 404 1329 450 Ε

177 497 288 559 habent
307 514 364 557 nee
382 496 491 559 habere
510 504 638 577 possunt
662 503 793 557 mentem
813 494 850 556 ad
870 511 948 574 opus
969 492 1198 573 designandum
1217 513 1275 556 erse

177 584 365 663 quendumve
387 584 535 645 idoneam.
579 584 645 645 Hoc
667 591 766 645 autem
785 581 843 643 illis
870 579 981 643 accidit
1006 589 1195 662 propterea,
1221 583 1275 662 quod

179 679 281 733 carent
308 671 460 733 doctrinae
482 670 733 732 conformatione:
759 687 817 749 qrra
837 669 887 749 qui
910 674 1005 739 caret,
1027 686 1099 730 non
1122 676 1220 750 potest
1237 669 1276 729 dis

178 776 301 820 cernere
324 758 454 820 rationes
477 759 604 820 cuiusvis
627 758 670 819 rei
695 757 832 838 proprias
856 754 886 818 et
913 754 1038 817 alienas.
1093 756 1190 819 Decet
1206 764 1276 817 auten

134 860 160 905 to
179 844 337 926 separatim
356 846 526 926 expendere
545 864 662 907 causam
681 852 712 906 et
732 863 797 906 rem
816 842 1101 917 demonstmrdam,
1123 862 1213 924 menn
1228 863 1276 923 pro

177 941 245 1014 pter
267 951 317 1004 ea,
349 951 424 1013 quae
445 933 536 995 modo
562 933 704 1006 diximus,
735 931 815 1012 qrrod
837 929 952 993 scilicet
972 948 1039 992 non
1064 931 1183 1013 ubique
1197 931 1230 993 ad
1247 949 1278 991 ra·

176 1020 391 1093 tiocinationes,
414 1021 468 1083 sed
488 1040 579 1101 saepe
598 1020 697 1101 potius
716 1020 754 1081 ad
772 1037 859 1080 usum
882 1016 958 1079 ritae
980 1017 1126 1080 animum
1148 1018 1280 1081 attenden-

177 1108 248 1169 dum
271 1114 315 1168 est
334 1106 428 1187 (quod
450 1108 577 1189 quinon
594 1106 854 1181 iaciunt‚‚irretiti
876 1104 1081 1186 captiuncuiis
1105 1113 1140 1168 et
1161 1105 1280 1188 impedit,

176 1195 214 1256 ad
243 1195 334 1255 tidem
364 1194 449 1256 dietis
477 1195 642 1257 habendam
671 1195 818 1256 violenter
847 1192 1097 1274 pertrahuntur):
1136 1201 1202 1255 tum
1229 1211 1281 1254 reru

133 1302 158 1346 rs
177 1289 348 1363 propterea,
371 1282 437 1363 quia
454 1301 545 1362 saepe
561 1283 608 1356 id,
631 1282 711 1363 quod
734 1283 848 1343 ratione
869 1280 966 1361 aliqua
989 1280 1235 1343 demonstratum
1253 1279 1281 1340 ri

177 1371 280 1442 detur,
303 1386 406 1431 verum
426 1370 544 1450 quidem
567 1377 621 1443 est,
644 1376 674 1430 at
691 1389 752 1431 non
776 1371 814 1432 ob
836 1368 916 1429 illam
940 1385 1082 1443 eausam,
1109 1380 1202 1451 quam
1219 1370 1282 1430 aiiert

176 1456 369 1519 ratiocinatio.
413 1456 516 1519 Potest
537 1457 616 1520 enim
639 1475 675 1519 ex
696 1457 776 1519 falsis
797 1454 901 1519 rerum
923 1455 1041 1535 colligi,
1069 1462 1108 1519 ut
1132 1464 1282 1519 constater
1309 1472 1312 1478 ·

177 1544 343 1625 Analyticis.

155 1629 176 1697 7
265 1632 317 1693 His
344 1631 516 1711 praemissis
546 1633 585 1694 ita
609 1632 789 1695 disseramus
818 1638 851 1694 ut
881 1630 1035 1693 ordiamur
1063 1648 1082 1692 a
1111 1632 1220 1713 primis
1239 1649 1285 1692 nou

132 1734 160 1778 no
178 1719 248 1781 satis
268 1720 355 1792 clare,
375 1726 409 1780 ut
427 1719 561 1794 diximus,
582 1720 667 1782 dictis
686 1721 916 1800 studeamusque
935 1718 1055 1792 clarius,
1077 1720 1157 1799 quid
1178 1720 1217 1782 sit
1231 1719 1285 1780 bea·

177 1808 288 1882 titudo,
321 1825 511 1887 cognoscere.
553 1808 614 1869 lam
639 1826 711 1870 vero
734 1826 838 1870 omnes
864 1807 896 1867 in
922 1807 1206 1882 eo'consentiunt,
1236 1825 1286 1867 esse

177 1915 242 1958 eam
261 1895 419 1957 maximum
442 1902 472 1957 et
494 1895 639 1976 optimum
658 1896 771 1957 bonum
789 1895 959 1956 humanum.
1004 1892 1188 1957 Humanum
1206 1902 1286 1957 auten

175 1984 288 2045 bonum
307 1982 447 2056 dicimus,
475 1983 542 2064 qriia
564 1984 689 2044 fortasse
712 1984 800 2045 etiam
819 1983 892 2044 alius
914 1988 1038 2043 naturae
1061 1981 1194 2045 homine
1216 2000 1286 2063 prae

175 2070 326 2132 stantioris
341 2070 492 2132 beatitudo
517 2079 570 2144 est,
592 2081 626 2132 ut
646 2070 702 2132 dei.
740 2069 813 2132 Nam
835 2070 866 2131 in
884 2068 1069 2150 reliquorum
1091 2069 1286 2135 animantium
1312 2068 1316 2077 '

131 2173 158 2215 ao
178 2176 253 2238 quae
285 2164 391 2219 natura
416 2177 468 2219 sua
497 2156 617 2220 hoinine
642 2156 783 2220 interiora
809 2165 896 2230 sunt,
932 2154 1049 2217 nullum
1079 2155 1166 2219 beati
1192 2174 1287 2220 nomen

175 2245 268 2306 cadit:
298 2263 397 2325 nequo
423 2245 503 2307 enim
531 2246 636 2308 beatus
666 2255 713 2307 est
734 2264 829 2327 equus
857 2261 914 2306 neo
943 2242 1003 2304 aris
1030 2259 1092 2304 nec
1120 2244 1219 2325 piscis
1245 2263 1288 2306 nec

175 2332 254 2392 aliud
280 2332 470 2394 animantium
493 2350 586 2410 genus
608 2333 718 2404 ullum,
749 2332 806 2394 nisi
831 2351 868 2394 ex
895 2329 1145 2395 denominatione
1170 2332 1288 2394 divinum

176 2417 314 2498 quiddam
336 2418 366 2478 in
393 2438 426 2480 se
449 2419 595 2480 continet:
630 2439 734 2482 rerum
759 2420 815 2481 alia
838 2419 963 2499 quadam
984 2417 1140 2480 bonorum
1166 2438 1288 2482 commu·

130 2519 158 2563 ao
176 2505 267 2567 nione
289 2503 368 2565 aliud
387 2505 494 2566 animal
513 2505 569 2567 alio
591 2506 697 2568 nielius
719 2507 842 2588 peiusve
864 2505 942 2568 vivit.
981 2505 1093 2567 Verum
1116 2504 1162 2569 ita
1184 2527 1220 2570 se
1237 2525 1288 2570 rem

175 2593 284 2654 hahere
300 2590 376 2652 inira
392 2592 560 2653 viderimus.
589 2592 674 2655 Nunc
694 2612 766 2655 vero
785 2595 842 2656 hoc
861 2593 994 2666 dicimus,
1011 2592 1094 2654 bona
1112 2592 1175 2655 alia
1195 2596 1289 2657 eadere

175 2680 229 2742 sub
249 2678 395 2742 actionem
414 2679 559 2753 hominis,
585 2680 639 2741 alia
658 2698 720 2743 non
743 2682 859 2744 cadere.
901 2680 966 2743 Hoc
984 2686 1085 2742 autem
1110 2680 1154 2743 ita
1175 2682 1288 2745 dicimus

175 2774 352 2849 propterea,
384 2769 463 2848 quod
481 2767 512 2830 in
533 2768 673 2848 quasdam
696 2775 815 2831 naturas
838 2787 900 2841 non
922 2767 1000 2830 cadit
1020 2773 1140 2842 motus,
1170 2769 1288 2851 ideoque
1321 2800 1323 2805 ·

175 2874 214 2916 ne
234 2855 346 2916 bonum
374 2854 493 2936 quidem
523 2855 639 2917 actione
671 2856 920 2936 comparandum:
943 2861 1031 2935 atque
1058 2854 1118 2916 hac
1139 2866 1217 2919 sunt
1238 2860 1288 2918 ior·

174 2950 253 3004 tasse
275 2949 398 3005 naturae
420 2945 558 3023 optimae.
602 2943 665 3004 Alia
687 2962 758 3005 vero
782 2943 894 3005 cadunt
916 2941 1036 3023 quidam
1055 2942 1113 3003 sub
1135 2944 1287 3015 actionem,

130 3051 157 3096 ao
177 3031 231 3093 sed
254 3032 308 3093 suh
335 3029 481 3093 actionem
502 3039 674 3093 naturarum
700 3029 820 3092 homine
843 3027 1103 3111 praestantiorum.
1145 3031 1288 3105 Quoniam

175 3118 304 3191 veroid,
325 3118 404 3199 quod
422 3119 477 3181 sub
497 3119 644 3181 actionem
667 3117 754 3190 cadit,
770 3118 894 3180 'duobus
912 3115 1008 3180 modis
1029 3114 1142 3178 dicitur
1165 3117 1252 3195 (nam
1267 3125 1289 3179 et

176 3225 225 3278 ea,
259 3225 385 3287 quorum
413 3206 504 3286 gratia
530 3207 659 3287 agimus,
684 3213 714 3268 et
733 3223 781 3277 ea,
808 3224 883 3284 quae
903 3206 1010 3267 horum
1033 3202 1127 3283 mutia
1146 3204 1288 3268 actionem

175 3292 370 3375 participant,
395 3295 615 3357 subactionem
635 3292 741 3356 cadere
762 3292 895 3365 dicimus,
921 3290 1048 3371 exempli
1071 3290 1167 3370 gratia
1188 3300 1221 3357 et
1241 3294 1288 3354 bo·
1321 3336 1325 3389 Ι

175 3399 243 3442 narn
266 3380 464 3442 valetudinem
493 3401 528 3443 ac
558 3381 670 3444 divitias
698 3381 753 3443 sub
781 3380 927 3442 actionem
950 3379 1057 3441 cadere
1087 3377 1238 3453 dicimus,
1266 3385 1290 3440 et

175 3486 218 3539 ea,
243 3486 317 3547 quae
335 3467 461 3529 istorum
481 3467 572 3546 gratia
593 3473 728 3547 aguntur,
749 3487 858 3548 nempe
874 3465 1002 3528 salubria
1022 3482 1058 3526 ac
1073 3465 1289 3546 quaestuaria):

174 3553 348 3630 intelligitur
372 3553 458 3615 etiam
489 3553 701 3616 beatitudinem
725 3555 880 3617 dicendam
906 3572 972 3616 esse
999 3551 1147 3634 optimum
1178 3572 1289 3626 eorum

176 3656 250 3718 quae
270 3638 377 3699 cadant
398 3640 452 3700 suh
475 3640 603 3701 hominis
625 3641 782 3705 actionem.

100 3725 176 3776 ΜΗ·
264 3725 366 3804 ltaque
383 3725 543 3788 videndum
564 3734 609 3787 est
630 3728 698 3808 quid
720 3730 758 3791 sit
778 3747 926 3792 summum
944 3728 1057 3790 bouum
1080 3734 1110 3789 et
1131 3735 1209 3808 quot
1229 3747 1290 3791 mo·

154 3777 224 3874 gdis
245 3812 366 3873 dicatur.
410 3812 484 3874 Tres
506 3812 595 3891 igitur
613 3815 797 3892 potissimum
817 3815 979 3878 sententias
1002 3814 1040 3875 de
1057 3831 1094 3875 eo
1117 3814 1191 3876 ferri
1211 3815 1290 3877 ride·

175 3919 250 3962 mus.
298 3899 370 3961 Nam
393 3919 464 3962 saue
484 3906 554 3962 sunt
580 3900 629 3980 qui
653 3902 752 3964 dicant
781 3922 928 3966 summum
949 3901 1063 3964 bonum
1090 3919 1159 3963 esse
1185 3902 1290 3965 bouum
1325 3966 1328 3979 ,

175 3994 290 4069 opetum:
307 3988 413 4050 bortum
432 3992 529 4070 ipsuum
546 3996 644 4049 autem
664 4007 730 4049 esse
748 3989 788 4061 id,
807 3991 852 4053 eui
875 3993 933 4053 hoc
954 3994 1105 4069 competat
1125 3995 1161 4050 ut
1181 3996 1213 4051 et
1231 3989 1290 4070 pri·
1327 4030 1329 4037 ι

142 4090 257 4138 omum
286 4077 435 4139 bonorum
465 4084 495 4139 et
522 4074 643 4156 reliquis
673 4078 841 4156 praesentia
872 4096 924 4139 sua
955 4094 1042 4138 causa
1071 4074 1214 4138 bonitatis
1246 4077 1288 4138 sit
1326 4044 1329 4143 i

174 4167 309 4238 Quorum
331 4170 490 4246 utrumque
507 4164 594 4224 ideae
617 4162 688 4224 boni
709 4171 895 4242 competere,
922 4171 1082 4244 utrumque
1102 4169 1206 4226 autem
1226 4164 1288 4226 dico
1327 4194 1329 4215 r

173 4251 248 4323 hoc,
270 4257 304 4312 ut
326 4258 355 4312 et
378 4252 506 4330 primum
529 4249 568 4311 sit
588 4251 736 4312 bonorum
760 4257 790 4311 et
808 4258 842 4312 ut
865 4251 987 4331 reliquis
1010 4250 1098 4313 bonis
1120 4251 1289 4333 praesentia
1326 4218 1329 4335 i

174 4356 227 4398 sua
249 4337 389 4399 bonitatis
417 4356 516 4399 causa*
533 4336 579 4398 sit.
630 4337 710 4399 Bom'
739 4335 818 4398 enim
842 4346 871 4400 et
892 4341 988 4418 primi
1004 4338 1148 4401 donorum
1177 4357 1289 4402 nomen

174 4423 327 4488 uerissime
352 4423 389 4484 de
419 4424 488 4487 idea
516 4423 669 4501 usurpari:
703 4441 772 4486 nam
795 4423 1020 4509 participatione
1043 4432 1074 4487 et
1094 4424 1289 4492 similitudine
