2776 4836
552 212 600 286 ι.
628 214 663 290 s.
693 210 752 286 c·
1165 144 1249 308 ιιι,

69 403 279 485 conpr-imum
301 401 451 465 rideamus
481 410 512 464 et
533 421 608 484 quae
630 404 669 466 sit
693 404 848 483 utriusque
876 410 998 478 natura,
1029 411 1059 466 et
1079 421 1152 467 nmn
1177 406 1254 468 ritae

138 491 238 553 honae
268 497 369 572 partes
399 489 461 556 sint
489 498 552 553 aut,
574 490 657 571 ipsae
688 485 744 554 aut'
766 491 897 554 actiones
935 490 972 553 ah
1002 490 1049 552 his
1084 493 1254 571 proiectae:

69 586 295 658 neutramque
317 578 396 641 enim
418 592 486 644 cum
503 578 687 651 heatitudine
711 578 898 658 coniungunt·
915 578 939 640 si
957 576 1055 641 minus
1074 596 1195 651 omues,
1223 586 1253 645 at

138 673 222 729 certe
244 665 273 740 ii,
296 665 347 744 qui
367 665 466 746 aliquo
487 685 613 728 numero
634 668 782 730 hahentur
804 683 917 728 omnes.

210 753 254 817 dc
283 751 421 817 Socrates
444 752 562 833 quidem
588 773 681 817 senex
703 753 885 817 existimabat
901 752 993 815 tinem
1014 752 1163 817 honorum
1187 773 1253 816 esse

140 840 255 903 virtutis
274 840 490 920 cognitionem,
512 842 729 922 quaerebatque
752 840 822 921 quid
843 848 926 902 esset
947 838 1072 914 iustitia,
1097 839 1167 921 quid
1190 842 1252 903 ior-

106 928 257 1001 stitudo,
278 946 361 1007 quae
384 935 483 1009 partes
513 928 575 991 eius
607 929 748 1009 singulae.
793 927 826 991 ld
852 936 951 990 autem
979 927 1049 990 iecit
1068 929 1124 990 hac
1147 927 1253 992 ductus

139 1016 272 1088 ratione,
300 1016 381 1115 quqd
404 1015 587 1079 existimabat
608 1017 731 1080 virtutes
754 1034 858 1078 omnes
882 1034 947 1078 esse
969 1015 1123 1089 scientias,
1149 1015 1188 1079 ita
1212 1024 1253 1092 ut,

140 1103 191 1202 qui
217 1111 320 1169 nosset
347 1102 503 1178 iustitiam,
535 1111 615 1167 esset
635 1105 723 1167 etiam
742 1104 852 1166 iustus:
882 1122 943 1166 non
973 1103 1058 1185 ahter
1084 1111 1171 1183 atque
1193 1103 1253 1176 ille,

141 1191 191 1270 qui
222 1189 323 1252 didicit
351 1190 543 1270 geometriam
580 1182 733 1255 aediumre
767 1199 961 1263 structuram,
1001 1199 1168 1269 geometres
1206 1198 1256 1253 est

94 1291 123 1337 ro
141 1277 297 1341 aediumve
317 1285 456 1341 structor.
501 1279 543 1340 lta
565 1298 602 1342 ue
625 1280 785 1360 quaerebat
803 1278 874 1378 quid
893 1286 973 1341 esset
994 1277 1096 1357 virtus,
1118 1278 1253 1341 sednon

140 1384 214 1445 quo
219 1373 307 1465 pacto
329 1373 360 1429 et
378 1385 433 1447 per
455 1299 634 1446 quaederet.
678 1367 737 1433 Sed
759 1365 838 1428 hoc
831 1385 861 1429 ru
879 1350 1115 1445 contemplativis
1134 1364 1254 1444 quidem

137 1453 270 1517 scientiis
294 1461 375 1517 recte
396 1453 444 1515 ut:
467 1471 536 1515 nam
558 1453 629 1518 nihil
648 1455 727 1517 aliud
744 1453 932 1534 propositum
950 1460 995 1515 est
1009 1451 1185 1532 astrologiae
1204 1461 1253 1514 aut

140 1539 340 1621 physiologiae
361 1548 411 1602 aut
429 1541 608 1621 geometriae
634 1561 721 1621 quam
750 1549 783 1603 ut
803 1547 963 1620 cognoscat
984 1547 1015 1602 et
1035 1539 1255 1621 contempletur

85 1637 123 1683 ’15
142 1636 277 1691 hamram
299 1646 400 1691 rerum
430 1627 571 1690 scientiae
593 1628 808 1693 subiectarum:
839 1646 1015 1708 quamquam
1041 1627 1133 1689 nihilo
1155 1629 1253 1690 minus

139 1723 268 1797 possunt
294 1714 380 1778 nohis
397 1716 464 1778 hae
495 1714 667 1796 disciplinae
696 1717 733 1779 ad
755 1715 862 1778 multas
891 1714 1145 1785 resnecessarias
1165 1715 1252 1777 utiles

139 1822 207 1865 esse
236 1821 292 1884 per
320 1802 467 1865 accidens.
520 1802 627 1865 Verum
659 1804 859 1866 effectivarum
886 1801 1075 1865 scientiarum
1106 1802 1180 1864 alius
1209 1810 1254 1864 est

138 1889 206 1953 tinis
228 1884 456 1969 atque‘scientr'a
471 1896 502 1950 et
520 1891 659 1969 cognitio,
682 1890 808 1971 exempli
832 1889 923 1969 gratia
940 1889 1019 1952 hona
1035 1889 1173 1951 valetudo
1189 1908 1252 1951 me·

140 1976 264 2049 diciuae,
287 1977 463 2057 temperatio
481 1975 662 2057 reipublicae
684 1978 731 2040 vel
753 1975 847 2039 simile
869 1973 940 2056 quid
962 1975 1033 2039 artis
1052 1975 1152 2037 civilis.
1192 1976 1252 2038 lam

89 2070 121 2115 ω
138 2063 287 2128 laudabile
307 2063 427 2144 quidem
446 2071 492 2126 est
515 2082 697 2144 cognoscere
720 2064 850 2144 singulas
876 2071 975 2144 partes
997 2082 1099 2127 rerum
1120 2063 1253 2127 laudabi·
1293 2100 1297 2111 ι

137 2152 227 2217 lium:
255 2159 286 2212 at
308 2170 379 2214 vero
401 2151 432 2214 in
455 2151 562 2215 virtute
584 2171 646 2222 non
672 2151 767 2223 scire,
788 2150 858 2232 quid
879 2151 918 2214 sit
937 2150 1029 2215 virtus
1052 2152 1134 2233 ipsa,
1161 2151 1253 2213 maxi·

137 2258 220 2305 mum
243 2248 304 2321 est,
320 2238 374 2301 scd
396 2257 587 2318 cognoscere,
610 2239 717 2319 quibus
741 2258 774 2301 ea
796 2239 887 2301 rebus
910 2247 1108 2320 comparetur.
1150 2238 1252 2320 Neque

138 2326 219 2391 enim
241 2325 320 2390 scire
338 2325 409 2407 quid
427 2327 465 2388 sit
482 2326 635 2400 tortitudo,
653 2327 707 2389 sed
728 2345 794 2389 esse
811 2327 903 2388 fortes
921 2327 1073 2390 volumus:
1096 2345 1162 2399 nec,
1182 2326 1253 2406 quid

138 2415 179 2477 sit
206 2413 328 2486 iustitia,
358 2414 412 2476 sed
441 2432 507 2477 esse
535 2413 621 2477 iusti:
656 2414 742 2478 sicuti
771 2413 857 2477 etiam
887 2415 985 2476 valere
1016 2414 1133 2496 potius,
1165 2432 1252 2494 quam

90 2515 122 2560 ns
141 2519 334 2582 cognoscere,
355 2500 424 2580 quid
448 2501 487 2564 sit
509 2501 616 2575 valere,
640 2510 670 2564 et
691 2502 772 2565 hono
793 2501 851 2566 frui
874 2501 1009 2583 corporis
1028 2502 1140 2574 habitu,
1164 2519 1251 2581 quam

140 2608 332 2669 cognoscere,
355 2586 426 2669 quid
449 2588 488 2650 sit
505 2588 603 2656 bonus
622 2587 747 2661 habitus,
769 2590 924 2653 malumus.

114 2673 137 2743 d
223 2677 266 2738 lle
284 2675 331 2737 his
351 2674 488 2741 omnibus
512 2695 545 2739 ea
568 2676 613 2737 via
639 2695 674 2738 ac
700 2677 816 2739 ratione
846 2672 932 2739 nobis
964 2676 1164 2756 quaerendum
1197 2683 1251 2748 est,

138 2770 173 2826 ut
194 2782 258 2826 rem
279 2762 443 2826 rationibus
466 2763 628 2844 prohemus
647 2763 792 2844 simulque
813 2763 858 2836 iis,
881 2781 955 2843 quae
977 2763 1008 2825 in
1028 2763 1133 2842 vulgus
1155 2763 1252 2825 homi-

108 2861 111 2867 ·
137 2850 381 2932 nibus-placent,
409 2858 557 2930 tamquam
575 2851 751 2914 testimoniis
775 2857 805 2912 et
826 2850 969 2931 exemplis
991 2857 1117 2911 utamur.
1155 2849 1251 2910 Pluri-

137 2956 219 3003 mum
242 2938 321 3000 enim
339 2933 565 3018 profecerimus,
583 2938 609 3001 si
628 2938 684 3012 his,
707 2956 782 3018 quae
799 2937 887 3000 nohis
907 2937 1032 3000 dicenda
1047 2942 1126 3010 sunt,
1147 2955 1251 2998 omnes

137 3025 278 3089 mortales
303 3024 441 3088 assentiri
466 3025 671 3098 docuerimus,
697 3031 749 3087 aut
775 3032 872 3096 certe,
910 3024 936 3086 si
962 3024 1022 3085 hoc
1043 3023 1159 3105 assequi
1189 3042 1250 3085 non

88 3129 120 3174 ao
134 3111 339 3193 potuerimus,
360 3113 488 3192 quodam
509 3113 613 3175 saltem
636 3113 726 3176 modo
750 3129 867 3174 omnes:
897 3110 929 3172 id
952 3110 1031 3190 quod
1052 3110 1175 3178 sacient,
1197 3111 1251 3172 ad-

138 3199 218 3262 ducti
247 3198 438 3278 argumenu‘s
492 3199 589 3262 Habet
618 3200 697 3265 euim
723 3198 927 3279 unusquisque
952 3195 1077 3276 aliquid,
1107 3198 1186 3278 quod
1214 3199 1251 3259 ad

136 3286 290 3348 veritatem
312 3286 450 3351 inclinet:
472 3287 552 3351 unde
570 3288 700 3368 petenda
720 3294 750 3349 et
771 3286 808 3348 ad
831 3286 910 3365 qnod
933 3282 1109 3366 applicanda
1126 3285 1251 3349 demon-

138 3374 241 3437 stratio
262 3381 315 3436 est
355 3374 429 3436 Nam
451 3393 486 3439 ex
508 3373 559 3447 iis,
587 3394 662 3455 quae
684 3393 755 3436 rere
778 3371 914 3452 quidem,
941 3371 1074 3435 sednon
1094 3372 1253 3453 perspicue

137 3461 321 3534 dictasunt,
353 3461 496 3540 gradatim
516 3462 748 3541 procedentibus
777 3460 905 3523 existent
926 3458 1101 3541 perspicua,
1130 3461 1156 3522 si
1186 3479 1253 3521 cum

139 3548 314 3611 clarioribus
338 3567 381 3621 ea,
400 3567 475 3627 quae
497 3550 620 3611 contuse
644 3548 701 3611 dici
719 3548 828 3621 solent,
850 3554 1078 3611 commutantur.

89 3647 119 3691 as
225 3636 353 3697 Interest
373 3643 472 3697 autem
500 3635 531 3696 in
554 3635 655 3716 quavis
684 3635 870 3699 institutione
897 3634 976 3698 inter
1004 3634 1135 3699 rationes
1156 3635 1253 3716 philo·

137 3725 247 3804 sophae
269 3731 299 3784 et
324 3741 386 3784 non
409 3722 611 3804 philosophas.
652 3723 755 3804 ltaque
784 3723 871 3786 etiam
894 3722 1022 3786 civilium
1042 3732 1072 3785 et
1096 3723 1250 3786 moralium

138 3829 239 3873 rerum
265 3828 325 3872 non
353 3827 573 3891 superuacanea
602 3810 734 3890 putanda
764 3809 909 3873 eiusmodi
935 3809 1069 3872 tractatio
1101 3819 1162 3883 est,
1197 3829 1252 3890 per

138 3916 225 3977 quam
251 3916 312 3960 non
342 3897 439 3960 solum
470 3897 556 3978 quid,
583 3897 745 3960 sedetiam
776 3916 830 3959 cor
854 3897 1042 3974 intelligatur.
1088 3897 1153 3958 lloc
1173 3897 1251 3957 enim

138 3984 307 4064 philosophi
326 3984 356 4046 in
380 3983 481 4063 quavis
500 3983 695 4056 institutione,
718 4002 793 4065 quae
811 3991 875 4044 arte
892 4001 927 4044 ac
946 3982 991 4042 via
1006 3983 1160 4063 procedat,
1181 4002 1252 4063 pro·

138 4071 235 4152 prium
262 4079 315 4132 est.
366 4071 549 4150 Quamquam
575 4070 605 4133 in
635 4072 690 4133 hae
720 4089 754 4132 re
784 4070 921 4132 cautione
954 4086 1060 4148 magna
1090 4087 1167 4149 opus
1199 4079 1252 4132 est

69 4158 216 4229 nessani
240 4158 329 4230 enim,
349 4158 408 4238 qui,
430 4176 521 4237 quum
538 4157 671 4219 videatur
688 4176 755 4219 esse
772 4154 953 4237 philosophi,
969 4155 1043 4217 nihil
1059 4162 1181 4228 temere,
1200 4159 1253 4220 sed

139 4245 237 4306 omnia
263 4245 426 4306 rationibus
452 4245 652 4315 contendere,
682 4260 773 4324 saepe
797 4240 1005 4322 imprudentes
1031 4240 1062 4304 in
1089 4243 1253 4306 rationesa

138 4331 314 4394 tractatione
335 4331 445 4394 alienas
472 4337 504 4391 et
528 4330 632 4393 inanes
655 4330 796 4397 incidant
846 4327 879 4391 ld
905 4335 1005 4391 autem
1027 4329 1139 4393 facirrnt
1163 4333 1254 4395 modo

136 4437 194 4503 per
211 4418 417 4499 ignorantiam,
440 4417 530 4482 modo
554 4436 609 4498 per
631 4416 819 4482 iactationem
841 4414 1040 4483 insolentem:
1068 4419 1148 4485 unde
1167 4420 1253 4487 etiem
