2784 4838
132 428 267 487 taracest
282 436 379 499 eoque
395 415 594 499 praestantius
610 415 750 496 quiddam
766 415 854 477 bonis
872 416 1035 479 concretis:
1053 417 1085 479 in
1101 415 1243 479 omnibus
1261 417 1336 479 enin

176 524 202 568 ra
219 510 299 572 inest
320 522 487 567 commune.

282 594 442 656 Praeterea
470 590 526 653 alia
553 591 640 653 etiarn
665 592 781 653 ratione
810 598 899 672 atque
925 608 977 663 ea,
1008 608 1066 673 qua
1093 608 1176 655 nunc
1206 600 1336 665 utuntur,

220 702 287 749 esse
307 683 414 745 bouum
428 684 526 761 aprum
542 680 807 742 demonstrandum
825 686 898 740 erat.
934 678 1020 741 Nunc
1038 677 1118 741 enim
1135 696 1172 742 ex
1193 679 1241 754 iis,
1265 700 1335 762 quae

219 772 331 835 babere
351 768 382 829 in
411 786 444 828 se
465 768 579 829 bonum
608 784 794 848 nequaquam
825 784 1001 828 concessum
1027 773 1060 827 et
1085 768 1261 831 confessum
1287 776 1336 839 cst,

221 878 270 930 ea,
294 873 370 939 quae
391 872 458 915 esse
476 855 556 915 bona
578 872 754 916 concessum
780 860 810 914 et
832 856 1002 915 confessum
1028 862 1088 928 est,
1115 854 1335 917 demonstrant:

220 964 256 1008 ex
277 942 427 1014 numeris,
456 942 569 1003 bonum
593 960 660 1003 esse
687 940 827 1002 iustitiam
857 959 892 1002 ac
918 941 1135 1005 valetudinem:
1164 959 1234 1004 esse
1261 941 1336 1003 enim
1377 914 1382 1021 Ι

175 1043 203 1087 tu
221 1031 343 1094 ordines
362 1037 391 1090 et
409 1046 561 1100 numeros,
583 1029 651 1109 quia
670 1028 802 1090 numeris
821 1035 852 1089 et
868 1028 1031 1091 unitatibus
1048 1028 1119 1091 insit
1136 1028 1252 1091 bonum
1269 1048 1337 1108 pro
1378 1070 1381 1077 -

221 1129 325 1202 pterea
343 1117 424 1198 quod
446 1134 540 1177 unam
557 1115 595 1176 sit
613 1116 719 1178 bonum
740 1119 846 1195 ipsum.
884 1116 923 1177 lt
938 1116 1073 1198 oportuit
1091 1114 1192 1196 potius
1215 1134 1252 1178 ex
1268 1134 1336 1177 oon·

220 1206 324 1281 lessis,
347 1203 474 1284 exempli
498 1203 589 1281 gratia
612 1221 648 1264 ex
668 1202 809 1275 sanitate,
832 1203 959 1276 robore,
981 1202 1189 1285 temperantia,
1213 1202 1338 1264 demon-

220 1292 308 1355 strari
337 1310 403 1352 esse
431 1291 518 1352 etiam
556 1291 586 1351 in
611 1288 811 1352 immobilibus
840 1291 954 1352 bonum
984 1298 1015 1353 et
1041 1292 1215 1352 honestum·
1263 1288 1339 1351 llaec

220 1381 300 1443 eninr
330 1378 429 1440 omnia
459 1378 534 1439 ordo
566 1384 596 1438 et
627 1377 710 1457 quies
739 1383 825 1438 sunt:
856 1377 984 1457 quodsi
1012 1377 1053 1439 ita
1075 1385 1138 1452 est,
1168 1376 1220 1438 illa
1239 1376 1338 1457 utique

220 1466 313 1547 magis
334 1466 415 1528 bona
432 1472 511 1537 eunt,
537 1464 649 1545 quippe
668 1465 699 1525 in
722 1464 827 1544 quibus
849 1465 942 1543 magis
963 1464 1012 1525 illa
1034 1464 1136 1525 insint.
1379 1486 1382 1495 ·

176 1569 204 1614 aa
311 1552 433 1614 Vaoillat
451 1571 522 1614 vero
546 1551 632 1613 etiam
654 1552 704 1612 illa
727 1551 811 1622 ratio,
831 1570 888 1632 qua
910 1571 1004 1614 unum
1022 1551 1124 1613 dicum
1144 1567 1213 1612 esse
1234 1550 1339 1613 donant
1378 1510 1382 1637 1

220 1647 334 1723 ipsum,
367 1638 433 1719 quia
456 1638 573 1700 numeri
594 1638 626 1698 id
649 1646 804 1718 expetant:
833 1656 932 1719 neque
961 1638 1041 1699 enim
1063 1656 1121 1719 qua
1149 1638 1268 1700 ratione
1291 1657 1340 1701 ex·
1378 1656 1382 1691 =

220 1735 326 1810 petant
353 1726 513 1807 perspicue
542 1725 665 1799 dicitur,
701 1726 755 1787 sed
776 1726 863 1787 nimis
885 1726 916 1787 in
940 1726 1111 1787 universum
1132 1726 1193 1787 boc
1214 1732 1340 1788 conten-

221 1817 312 1879 dunt:
341 1822 369 1875 et
396 1813 557 1892 inquibus
583 1814 641 1875 uita
666 1831 727 1874 non
754 1813 836 1887 insit,
865 1812 896 1873 in
917 1812 964 1873 lis
993 1813 1092 1875 inesse
1114 1811 1339 1893 appetitionem,

220 1906 272 1985 qul
293 1902 415 1963 tandem
438 1900 538 1962 dicere
557 1897 720 1962 convenit?
760 1900 797 1960 llt
816 1900 853 1962 de
876 1901 935 1961 hoc
951 1900 1116 1962 accuratius
1135 1901 1340 1981 quaerendum

222 1998 303 2062 erat,
334 2007 433 2069 neque
461 1988 531 2049 licet
556 1989 621 2049 sine
647 1988 812 2050 rationibus
834 1988 1018 2050 contendere
1039 1987 1202 2069 quidquam
1227 2007 1339 2061 sonam,

176 2094 204 2140 ao
223 2096 299 2160 quae
320 2095 359 2138 ne
382 2076 477 2138 allatis
496 2075 616 2157 quidun
638 2075 802 2137 rationibus
821 2074 907 2136 facile
927 2075 1095 2137 credantur.
1134 2074 1224 2149 Quod
1245 2084 1340 2139 autem
1380 2084 1382 2091 '

221 2164 427 2236 contenditur,
457 2163 556 2225 omnia
578 2163 657 2224 entia
679 2170 819 2242 expetere
841 2180 934 2223 unum
958 2161 1108 2242 quoddam
1127 2163 1261 2236 bonum,
1287 2164 1340 2225 boc
1377 2166 1381 2239 i

212 2272 285 2315 non
307 2258 353 2313 est
368 2268 488 2312 rerum:
520 2268 590 2312 nam
613 2251 847 2331 unumquodque
868 2268 921 2310 ens
939 2267 1028 2312 suum
1051 2250 1209 2332 proprium
1227 2249 1339 2312 bonurn

223 2338 343 2419 expetit,
365 2338 468 2399 oculus
486 2336 591 2410 visum,
616 2356 726 2418 corpus
747 2336 947 2399 valetudinem
965 2344 996 2399 et
1015 2337 1060 2399 sic
1079 2336 1203 2417 reliqum.

287 2424 350 2485 llae
368 2431 438 2485 sunt
456 2424 545 2502 igitur
568 2424 781 2497 dubitationes,
808 2425 847 2485 ob
868 2441 941 2504 quas
961 2442 1028 2486 esse
1049 2424 1155 2486 bortum
1171 2427 1272 2503 apruna
1288 2441 1339 2485 ne·

224 2528 342 2591 minus:
369 2511 489 2572 namin
511 2510 727 2574 institutionem
748 2511 865 2573 ciuilem
883 2519 914 2572 et
935 2511 1079 2595 moralem
1093 2510 1197 2573 nullus
1219 2528 1258 2573 ex
1278 2511 1343 2573 loni

222 2598 293 2661 Idea
308 2616 379 2659 usus
396 2597 553 2673 redundat,
573 2600 627 2660 sed
649 2606 755 2660 tractat
775 2600 849 2660 baec
871 2597 1029 2679 proprium
1049 2598 1200 2679 quoddam
1216 2597 1338 2669 bonum,

177 2704 205 2748 aa
224 2684 302 2748 sicut
322 2693 402 2747 artes
423 2686 572 2769 reliquae,
602 2686 729 2765 exempli
752 2685 844 2765 gratia
865 2685 1047 2765 gymnastioa
1069 2685 1179 2747 bonam
1205 2685 1339 2765 corporis

222 2773 436 2836 habitudinem.
487 2773 609 2835 Accedit
635 2773 708 2834 illud
739 2774 819 2853 quod
849 2772 994 2853 scriptum
1025 2778 1084 2833 est:
1111 2778 1162 2833 aut
1189 2772 1267 2835 nulli
1289 2771 1339 2834 arti

1378 476 1382 535 l

222 2861 293 2922 Idea
323 2861 392 2923 boni
414 2860 494 2922 utilis
523 2867 569 2920 est
594 2866 644 2919 aut
669 2859 781 2939 pariter
802 2859 915 2921 artibus
944 2858 1091 2921 omnibus.
1146 2857 1235 2921 adds
1265 2859 1339 2941 quod

221 2948 298 3010 illud
320 2949 427 3011 bonum
447 2951 546 3027 ipsum
567 2964 628 3008 non
652 2946 728 3007 cadit
753 2946 784 3007 in
810 2946 968 3009 actionem.
1014 2944 1158 3009 Similiter
1183 2964 1340 3009 commune

136 3036 339 3104 curculionum
358 3052 456 3114 neque
482 3034 589 3097 donam
612 3036 710 3113 ipsum
736 3040 782 3094 est
809 3032 892 3112 (narn
916 3034 956 3094 ita
982 3032 1070 3095 etiam
1091 3031 1240 3095 mediocri
1262 3034 1338 3096 bono
1380 3018 1382 3117 l

222 3122 347 3202 inesset)
369 3140 467 3202 neque
492 3120 569 3183 cadit
589 3120 619 3182 in
641 3120 805 3182 actionem:
832 3139 932 3202 neque
958 3119 1037 3182 enim
1065 3126 1100 3181 ut
1125 3118 1197 3181 insit
1221 3118 1338 3201 aliquid,
1380 3172 1382 3177 ,

224 3209 305 3291 quod
328 3208 447 3270 cuilibet
469 3208 568 3269 inesse
589 3207 700 3288 possit,
720 3216 804 3269 curat
821 3226 869 3269 ars
890 3207 1022 3278 medica,
1049 3206 1104 3268 sed
1122 3213 1156 3269 ut
1171 3206 1246 3269 insit
1264 3208 1339 3269 vale
1380 3186 1382 3259 ἶ

222 3297 312 3357 tudo:
330 3294 523 3375 similiterque
540 3295 577 3356 de
594 3304 676 3357 certo
695 3296 824 3376 quodam
845 3295 927 3356 bono
942 3295 1078 3356 laborant
1099 3300 1179 3357 artes
1198 3293 1338 3377 reliquae.
1380 3310 1382 3321 ·

191 3384 333 3445 uvarum
355 3381 455 3443 multis
484 3381 580 3444 modis
603 3381 709 3444 bonum
732 3382 855 3453 dicitur,
889 3390 994 3463 estque
1017 3380 1168 3463 peculiare
1190 3381 1338 3463 quoddam
1378 3354 1382 3405 ¹

222 3470 354 3540 bouum,
385 3469 466 3549 quod
496 3477 619 3531 vocatur
638 3471 813 3532 honestum:
851 3477 940 3549 atque
965 3469 1025 3530 boc
1046 3467 1167 3548 quidem
1192 3466 1226 3529 in
1251 3468 1339 3531 actio·
1376 3456 1382 3567 ff

222 3574 292 3617 nem
316 3554 407 3627 cadit,
438 3556 508 3618 dum
532 3575 689 3618 commune
711 3556 784 3618 illud
812 3556 925 3618 bonum
945 3573 1008 3617 non
1030 3554 1108 3617 cadit
1129 3554 1162 3617 in
1184 3555 1338 3619 actionem.
1376 3622 1379 3636 ,

223 3642 307 3703 Cadit
327 3649 425 3703 autem
444 3643 475 3704 in
498 3644 645 3707 actionem
663 3645 743 3724 quod
764 3644 878 3705 bonum
894 3642 961 3703 finis
978 3649 1034 3714 est,
1056 3642 1115 3704 hoo
1129 3640 1237 3715 estid,
1262 3643 1338 3705 cuius

223 3729 315 3809 gratia
331 3729 482 3811 quippiam
499 3731 540 3792 ut
579 3731 656 3804 Quid
677 3739 775 3793 autem
796 3730 868 3791 boni
893 3729 965 3792 insit
984 3729 1016 3791 in
1038 3726 1260 3805 immobilibus,
1282 3748 1338 3792 non

223 3816 405 3896 intelligitur,
428 3817 495 3898 quia
516 3837 614 3899 neque
632 3819 703 3880 ldca
721 3816 801 3890 boni,
827 3836 925 3896 neque
944 3834 1103 3879 commune
1120 3815 1248 3891 bonum,
1269 3815 1336 3879 illud

223 3904 304 3984 quod
324 3905 474 3985 quaeritur
502 3905 609 3968 bouum
632 3909 729 3986 aprum
752 3912 805 3966 est
851 3905 925 3968 Nam
947 3904 1055 3967 tonum
1074 3906 1174 3983 aprum
1191 3902 1338 3967 immobile

222 4010 321 4070 neque
349 3992 381 4054 in
411 3993 527 4073 agendo
545 3993 676 4074 positum
706 3999 766 4063 est,
798 4008 1046 4054 commonerem
1068 3988 1182 4053 mobile
1211 3991 1336 4073 quidem,
1373 4020 1376 4027 ·

222 4078 277 4141 sed
298 4079 391 4141 nihilo
413 4087 512 4142 tamen
534 4080 627 4160 magis
648 4080 679 4141 in
701 4080 817 4159 agendo
840 4079 971 4160 positum
993 4085 1048 4139 est
1372 4058 1376 4173 Ι

179 4182 206 4226 ao
297 4166 362 4227 lloo
379 4174 488 4240 autem,
506 4167 589 4229 cuius
611 4167 702 4247 gratia
723 4168 757 4227 lit
773 4166 893 4246 aliquid,
914 4173 948 4227 ut
969 4165 1047 4238 linis,
1065 4162 1215 4246 optimum
1238 4172 1294 4239 est,
1313 4169 1338 4225 et
1372 4210 1377 4287 Ι

223 4271 311 4316 causa
328 4272 429 4316 rerum
452 4255 507 4316 sub
526 4255 584 4317 hoc
607 4253 789 4325 cadentium,
812 4261 901 4334 atque
924 4253 1054 4335 primum
1072 4251 1218 4315 omnium.
1261 4253 1337 4327 Quo·

217 4340 295 4402 circa
318 4342 425 4404 bonum
445 4345 543 4422 ipsum
562 4341 721 4403 dixerimus
743 4339 843 4421 potius
867 4341 959 4403 linem
986 4358 1088 4403 rerum
1109 4338 1227 4403 bomini
1252 4357 1336 4419 agen·
1372 4300 1377 4457 Ι

223 4427 337 4490 darum.
384 4428 449 4491 lloc
466 4435 566 4491 autem
587 4429 700 4491 bonum
724 4427 798 4491 illud
820 4435 883 4501 est,
910 4427 991 4509 quod
1008 4425 1089 4490 cadit
1105 4426 1165 4491 sub
1187 4426 1336 4509 scientiam
