2776 4836
530 228 557 304 r.
586 229 622 306 a.
651 227 690 310 a.
719 225 755 306 5.
1165 224 1265 345 aas

73 421 198 487 secius
220 421 368 495 actiones,
390 421 504 487 bonum
522 420 657 485 videatur
677 439 738 482 non
759 419 856 482 solum
877 418 971 497 magis
991 436 1164 493 commune,
1192 421 1247 482 sed

130 509 220 573 ctiam
241 509 334 589 magis
353 509 500 572 divimm:
522 510 614 589 magis
633 512 800 582 commune,
821 507 900 587 quod
922 506 1057 586 pluribus
1077 508 1107 568 id
1124 509 1246 587 ‚assequi

128 598 227 673 liccat,
245 597 339 677 magis
355 598 494 672 divinum,
515 598 594 678 quod
613 597 767 679 proposita
782 595 934 658 beatitudo
955 603 1114 675 parataque
1137 594 1172 656 iis
1191 603 1245 668 est,

128 686 181 766 qui
203 695 233 748 et
254 704 321 747 sese
345 693 374 747 et
393 687 524 748 actiones
547 704 615 746 suas
635 694 715 746 certa
728 684 828 763 'aliqua
851 682 990 763 qualitate
1007 684 1203 745 conformant.
1254 734 1256 747 .

80 782 115 829 aa
218 773 281 834 lam
303 790 375 835 vero
395 774 537 855 pleraque
560 791 680 846 eorum,
704 773 740 834 de
764 771 871 851 quihus
895 770 1060 851 disputatur
1083 777 1113 831 et
1130 769 1246 832 dubita-

130 868 189 936 tur,
211 861 370 942 perspicua
390 869 495 934 erunt,
518 879 608 940 quum
631 865 712 922 recte
732 859 915 940 exploratum
938 858 1035 932 luerit,
1060 857 1129 937 quid
1151 857 1247 920 beati-

128 950 204 1012 tudo
225 949 356 1029 putanda
379 949 425 1023 sit,
448 957 548 1010 utrum
568 967 602 1009 ea
624 949 654 1009 in
678 947 770 1008 solius
792 945 882 1013 animi
904 953 984 1006 certa
1004 947 1130 1025 quadam
1153 945 1246 1026 quali·

129 1044 190 1098 tate
207 1044 236 1098 et
255 1037 489 1098 conformatione
504 1036 558 1097 sita
574 1036 620 1108 sit,
637 1034 668 1096 id
684 1035 764 1115 quod
780 1033 898 1113 quidam
914 1040 1030 1095 veteres
1047 1053 1081 1095 ac
1097 1033 1246 1113 sapientes

130 1123 187 1185 riri
214 1123 468 1197 existimaverunt,
499 1142 536 1185 au
559 1123 666 1185 debeat
683 1123 773 1184 homo
797 1121 917 1200 quidem
936 1120 1002 1200 ipse
1024 1129 1105 1183 certa
1124 1122 1246 1182 allectus

84 1224 113 1270 aa
133 1230 200 1274 esse
232 1211 388 1291 qualitate,
424 1212 478 1274 sed
507 1210 600 1289 magis
630 1210 717 1277 etiam
747 1209 809 1271 eius
833 1207 974 1270 actiones.
1020 1209 1118 1282 Quum
1147 1216 1246 1270 autem

132 1299 248 1361 diversa
277 1299 337 1360 sint
363 1299 438 1361 vitae
463 1298 559 1360 studia
585 1296 786 1377 quaedamque
815 1315 920 1358 eorum
949 1295 1006 1357 sihi
1034 1315 1073 1358 ne
1095 1296 1246 1357 vindicent

130 1387 251 1467 quidem
269 1387 367 1460 talem,
389 1405 463 1468 quae
481 1386 568 1448 beata
588 1385 731 1466 appellari
753 1385 858 1466 possit,
878 1383 1087 1457 conditionem,
1110 1384 1165 1445 sed
1180 1391 1246 1445 tan-

130 1475 284 1536 tummodo
299 1493 400 1535 rerum
416 1473 650 1536 necessariarum
666 1490 753 1535 causa
766 1479 968 1546 exerceantur,
993 1471 1158 1533 cuiusmodi
1177 1478 1247 1533 sunt

130 1570 210 1624 artes
231 1562 408 1636 illiberales,
437 1561 574 1623 sordidae
597 1569 627 1622 et
657 1561 859 1641 quaestuariae
883 1559 1054 1638 (illiberales
1074 1565 1173 1621 autem
1192 1577 1246 1639 ap·

82 1661 112 1707 ao
130 1649 212 1730 pello
231 1668 290 1723 eas,
308 1668 382 1730 quae
398 1648 485 1712 unius
503 1648 614 1728 gloriae
634 1667 720 1711 causa
742 1656 912 1721 tractantur,
933 1646 1067 1709 sordidas
1084 1647 1150 1709 dico
1166 1654 1245 1707 artes

130 1737 294 1800 sellularias
322 1744 352 1799 et
379 1737 594 1810 mercenariae,
630 1736 831 1816 quaestuarias
862 1734 990 1815 denique
1014 1752 1081 1807 eae,
1113 1753 1187 1814 quae
1213 1733 1244 1794 in
1340 1799 1342 1802 ,

132 1825 332 1906 emptionibus
363 1824 534 1887 forensibus
564 1824 845 1903 venditionihusque
876 1821 1028 1903 cauponiis
1060 1820 1242 1909 versantur):

131 1932 281 1992 quumque
303 1912 357 1974 tria
377 1912 437 1974 sint
460 1931 533 1992 quae
557 1912 594 1973 ad
611 1919 737 1973 aetatem
759 1912 846 1973 beate
865 1909 1085 1989 transigendam
1108 1911 1245 1971 conlerre

94 2023 100 2029 ·
132 2007 284 2080 putantur,
307 1999 410 2062 eadem
432 1998 494 2073 illa,
519 2018 593 2079 quae
616 1999 739 2060 maxima
761 1998 915 2060 hominum
936 1997 1015 2058 bona
1036 2015 1127 2078 supra
1148 1996 1246 2058 nomi-

82 2103 113 2146 ss
132 2095 201 2150 nata
223 2095 308 2161 sunt,
338 2088 448 2161 uirtus,
471 2086 632 2166 sapientia,
656 2087 808 2167 voluptas:
829 2085 886 2146 tria
910 2086 998 2147 etiam
1020 2085 1154 2147 videmus
1178 2102 1244 2146 esse

130 2175 207 2237 vitae
229 2192 354 2255 genera,
378 2192 453 2255 quae
475 2192 595 2247 omnes,
619 2174 668 2253 qui
686 2174 733 2235 sui
754 2174 827 2236 iuris
851 2181 936 2254 sunt,
961 2180 1129 2247 sectantur,
1155 2172 1244 2235 uitam

73 2274 99 2326 o.
107 2263 265 2336 scivilem,
292 2263 380 2324 vitam
403 2262 627 2343 philosopham,
656 2262 745 2324 vitam
772 2261 975 2341 voluptariam.
1024 2261 1135 2324 Harum
1166 2260 1245 2322 euim

128 2350 254 2412 vitarum
276 2368 344 2423 una,
368 2343 555 2431 philosopha,
580 2350 692 2430 expetit
710 2349 885 2431 sapientiam
909 2357 940 2410 et
958 2348 1087 2412 veritatis
1110 2356 1245 2411 oontem-

131 2438 310 2519 plationem:
333 2438 434 2511 altera,
457 2437 515 2499 vita
537 2437 639 2510 civilis,
662 2437 724 2499 vult
746 2437 877 2499 actiones
897 2437 1038 2499 honestas
1056 2437 1124 2518 (hae
1146 2443 1244 2498 autem

129 2533 200 2599 sunt
223 2544 285 2599 eae,
308 2544 383 2605 quae
403 2544 420 2586 a
439 2525 546 2587 virtute
566 2525 825 2606 proficiscuntur):
848 2524 932 2587 tertia
954 2525 1090 2606 denique,
1113 2524 1171 2586 vita
1193 2544 1245 2586 vo·

94 2613 273 2694 sluptaria,
304 2612 438 2693 corporis
468 2619 598 2674 sectatur
629 2614 810 2694 voluptates:
842 2612 980 2691 quocirca
1010 2612 1065 2673 alia
1094 2611 1142 2673 abi
1166 2612 1244 2674 beati

129 2719 240 2762 nomen
259 2700 399 2781 impertit,
417 2699 502 2762 sicuti
525 2719 615 2782 supra
634 2701 768 2763 diximus.
806 2700 901 2781 Atque
919 2700 1106 2779 Anaxagoras
1124 2699 1244 2780 quidem

131 2787 334 2849 Clazomenius
349 2807 365 2848 a
382 2788 509 2868 quodam
520 2787 719 2868 interrogatus
736 2788 801 2868 quis
813 2795 893 2850 esset
903 2787 1105 2850 beatissimus:
1125 2806 1242 2859 „acmo

131 2875 244 2955 iuquit,
268 2895 386 2946 eorum,
417 2894 488 2957 quos
512 2886 543 2936 tu
562 2887 667 2956 patos,
695 2877 747 2938 sed
767 2880 877 2938 mirum
895 2876 948 2938 titt
968 2886 1057 2956 capot
1072 2876 1243 2937 videatur.“

131 2963 174 3024 lta
196 2969 294 3024 autem
317 2963 489 3043 respondit,
513 2963 580 3043 quia
601 2963 784 3042 intelligebat
805 2963 905 3035 illum,
929 2963 978 3043 qui
1000 2963 1243 3040 interrogaverat,

82 3059 112 3104 1⁰
130 3057 245 3131 putare,
267 3068 329 3111 non
351 3069 441 3131 posse
464 3068 650 3131 quemquam,
673 3050 730 3112 nisi
752 3068 876 3130 magnus
898 3057 928 3126 et
945 3051 1070 3131 pulcher
1087 3055 1141 3110 aut
1163 3048 1244 3110 dives

132 3145 228 3210 esset,
255 3139 313 3198 hoc
335 3137 413 3198 beati
435 3156 545 3199 nomen
569 3138 720 3217 consequi.
761 3137 831 3219 lpse
852 3144 950 3198 autem
969 3138 1095 3199 fortasse
1118 3136 1243 3197 arbitra·

128 3225 217 3286 batur
243 3224 409 3297 hominem,
442 3225 491 3305 qui
517 3226 616 3304 quiete
644 3245 679 3292 ac
701 3243 777 3308 pure
799 3232 925 3286 aetatem
948 3244 964 3286 e
984 3225 1097 3286 ¹virtute
1121 3225 1244 3304 degeret

130 3318 181 3372 aut
204 3311 301 3372 divina
322 3312 417 3392 abqua
441 3313 691 3394 contemplatione
712 3314 869 3385 frueretur,
893 3315 982 3386 hunc,
1006 3319 1147 3392 quamum
1171 3330 1243 3393 pos·

130 3406 176 3460 eet
193 3401 293 3470 homo,
317 3419 383 3461 esse
404 3400 550 3468 beatum„

83 3503 111 3548 aa
218 3487 316 3560 Quum
345 3494 443 3548 autem
476 3489 512 3549 de
538 3488 638 3550 multis
667 3490 757 3552 rebus
786 3496 867 3551 recte
897 3487 1027 3551 iudicare
1050 3487 1168 3551 difficile
1195 3486 1242 3560 sit,

131 3582 194 3635 tum
212 3573 415 3636 difficillimum
432 3584 477 3635 est
495 3582 577 3637 recte
593 3575 725 3638 iudicare
742 3577 779 3638 de
795 3597 841 3649 eo,
862 3577 941 3656 quod
960 3576 1130 3639 facillimum
1147 3576 1244 3638 omni·

130 3662 246 3740 busque
274 3662 442 3723 hominibus
471 3662 508 3723 ad
538 3665 777 3742 cognoscendum
807 3665 995 3745 propositum
1025 3683 1091 3727 esse
1117 3663 1242 3737 ridetur,

131 3748 244 3810 scilicet
265 3749 334 3829 quid
357 3750 477 3812 tandem
500 3749 538 3810 sit
559 3749 589 3810 in
617 3751 674 3812 vita
698 3753 913 3831 expetendum,
942 3759 973 3813 et
1002 3771 1060 3832 quo
1084 3759 1170 3833 parto
1192 3770 1243 3812 ex·

130 3836 212 3916 pleta
229 3836 267 3897 sit
286 3836 440 3916 cupiditas.
478 3837 559 3898 Multi
579 3838 657 3899 enim
674 3838 818 3901 eiusmodi
842 3858 926 3901 casus
943 3839 1093 3912 eveniunt,
1113 3839 1151 3900 oh
1168 3856 1242 3917 quos

82 3937 112 3981 no
131 3923 189 3984 vita
208 3924 373 3996 amittatur,
403 3932 436 3985 ut
458 3924 571 3996 morbi,
593 3925 711 3987 dolores
734 3945 855 4004 graves,
884 3934 1090 4006 tempestates:
1122 3933 1156 3986 ut
1177 3924 1242 3986 sine

131 4011 236 4084 dubio,
267 4011 292 4072 si
315 4012 381 4072 data
404 4020 484 4073 esset
502 4012 601 4091 optio,
634 4013 671 4074 oh
693 4012 767 4074 haec
786 4014 850 4094 ipsa
878 4013 1090 4092 expedivisset,
1120 4011 1241 4073 omnino

128 4116 190 4159 non
219 4117 285 4161 esse
301 4107 417 4160 natum.
461 4099 617 4161 Praeterea
642 4118 716 4179 quae
745 4101 864 4162 tandem
892 4100 947 4161 ista
978 4100 1034 4162 vita
1061 4107 1123 4170 est,
1155 4117 1242 4178 quam

129 4185 232 4248 vivunt
253 4186 388 4247 homines
410 4186 439 4246 in
463 4183 608 4249 infantia?
629 4186 673 4248 Ad
695 4188 771 4249 banc
794 4187 871 4249 enim
891 4187 989 4250 redire
1004 4205 1093 4249 nemo
1109 4187 1243 4267 prudens

129 4272 282 4335 sustineat.
332 4273 416 4335 Adde
439 4273 518 4352 quod
547 4274 640 4335 multa
670 4293 789 4347 eorum,
817 4293 891 4354 quae
920 4274 1031 4336 nullam
1060 4274 1242 4355 voluptatem

81 4371 112 4414 tu
130 4360 281 4422 nullumve
305 4360 438 4422 dolorem
458 4361 585 4435 babent,
618 4361 748 4442 itemque
771 4363 863 4424 multa
886 4381 1006 4436 eorum,
1039 4381 1114 4443 quae
1132 4361 1242 4424 hahent

126 4446 248 4532 quidem
270 4447 469 4532 voluptatem,
491 4450 545 4512 aed
562 4448 643 4511 illam
665 4467 727 4512 non
748 4450 920 4528 honestam,
942 4457 1012 4516 sunt
1033 4449 1188 4526 eiusmodi,
1211 4455 1243 4515 ut
