2776 4836
88 216 167 301 282
635 212 744 291 lta.

89 426 150 479 ιιι,
156 412 316 477 abominer
327 410 365 473 ad
381 411 493 491 optima
508 428 643 492 pmsqm
655 408 771 490 agenda
778 406 885 471 reddat
896 405 1049 479 idoneos.
1067 416 1099 473 et
1116 427 1153 473 ex
1166 424 1215 488 quo
1225 426 1265 489 erp
1289 427 1323 477 ui

179 500 291 581 optima
309 499 421 581 optime
440 499 501 560 sint
519 498 648 572 animati,
667 497 813 578 optimum
832 502 938 559 autem
961 502 998 559 et
1020 494 1265 577 praestantissima

178 588 251 651 illud
274 587 429 667 estquod
450 594 550 649 rectae
572 585 680 647 rationi
701 590 939 647 consentancum
962 590 1027 659 est,
1051 584 1115 646 hoc
1132 592 1280 647 autemues
1316 608 1323 649 ι

133 686 162 731 ιι
180 676 261 738 dium
288 682 334 736 ιιι
359 674 438 734 inter
468 692 608 735 excessus
631 682 661 735 et
685 673 819 734 deiectus
842 671 880 733 ad
911 688 973 733 nos
1005 671 1144 735 relatos:
1171 671 1268 733 ιιιιιιιιι

179 762 322 827 moralem
341 779 466 822 neccsse
484 770 531 823 ιιι
549 780 615 823 esse
636 758 871 823 mediocritatem
892 775 931 820 ex
952 758 1199 839 uniuscuiusque
1211 758 1269 820 ratio

178 850 268 913 nibus
291 848 543 923 constituendam,
571 848 618 910 rel
638 846 790 928 pertinere
809 846 847 909 ad
868 844 970 908 media
988 846 1027 909 in
1047 846 1238 927 voluptatibus
1252 864 1271 906 ac

180 937 333 1000 doloribus
354 945 383 997 et
397 936 428 997 in
448 936 585 997 iucundis
601 954 636 997 ac
654 934 796 995 molestis.
832 931 896 995 Erit
914 940 1023 997 autem
1047 933 1103 997 illa
1121 932 1273 997 mediocritas

178 1026 269 1086 modo
295 1024 326 1085 in
355 1023 556 1103 voluptatibus
585 1022 629 1101 (in
654 1023 700 1085 bis
721 1021 800 1084 enim
823 1028 853 1081 et
872 1019 1000 1083 nimium
1032 1030 1068 1083 et
1088 1040 1195 1103 parum
1212 1022 1275 1083 bale

179 1112 259 1192 tur),
290 1111 380 1172 modo
402 1112 433 1172 in
455 1110 625 1185 doloribus,
653 1110 744 1172 modo
766 1108 798 1171 in
818 1107 964 1187 utrisque.
1023 1108 1106 1171 Nam
1128 1108 1179 1189 qui
1198 1108 1275 1171 nimis
1316 1132 1323 1175 ι

138 1216 164 1260 ιι
183 1209 229 1261 ιιι
249 1199 280 1259 in
303 1199 477 1277 gaudendo,
499 1198 630 1259 iucundo
652 1196 761 1259 ninius
780 1203 840 1269 est,
861 1202 892 1257 et
913 1195 966 1274 qrri
986 1196 1109 1259 nimius
1130 1204 1178 1261 cst
1196 1196 1224 1259 in
1243 1196 1289 1285 dol

179 1286 280 1360 lendo,
301 1285 450 1348 contrario
472 1286 581 1347 nimius
605 1292 665 1347 est:
692 1285 782 1364 idque
801 1282 849 1345 vel
869 1282 1008 1345 absolute
1034 1284 1088 1347 vel
1109 1302 1229 1347 normae
1245 1282 1278 1344 ali

181 1374 264 1436 cuius
293 1374 426 1447 ratione,
464 1372 591 1454 exempli
615 1372 707 1452 gnada
736 1389 828 1451 qutun
854 1369 985 1431 nonita
1013 1378 1053 1433 ut
1085 1372 1213 1435 maxima
1233 1390 1279 1452 pus

180 1461 334 1524 hominum
358 1462 477 1540 [gaudet
496 1462 544 1523 sel
570 1461 678 1538 doletl,
709 1459 780 1520 dum
801 1456 846 1519 uir
871 1457 971 1521 bonus
991 1457 1037 1521 ita
1061 1467 1099 1521 ιιι
1123 1468 1237 1523 rectum
1253 1468 1282 1519 est

179 1550 301 1610 allectus
321 1556 375 1609 est
417 1549 477 1610 Sed
500 1548 567 1628 quia
586 1556 631 1609 ιιι
650 1547 767 1628 quidam
785 1544 918 1619 babitus,
940 1564 1118 1627 perquem
1138 1547 1177 1621 is,
1199 1547 1245 1628 qui
1261 1565 1284 1607 eo
1312 1541 1323 1609 i

179 1636 332 1718 praeditus
348 1645 402 1708 est,
426 1637 492 1697 talis
513 1636 556 1709 lit,
579 1644 614 1697 ut
629 1635 761 1697 eiusdem
781 1634 826 1695 rei
845 1651 925 1695 nunc
942 1632 1075 1695 nimium
1095 1653 1181 1697 nunc
1201 1653 1285 1716 pamm

135 1735 163 1780 ao
182 1724 306 1806 probet:
336 1742 460 1785 necesse
484 1733 539 1797 est,
558 1721 807 1802 quemadmodum
828 1722 903 1783 baec
923 1728 954 1783 et
973 1720 1033 1782 sibi
1054 1730 1089 1783 ιι
1109 1722 1212 1787 medio
1232 1742 1286 1784 oon-

179 1812 269 1874 traria
291 1810 365 1883 sint,
385 1810 425 1872 ita
446 1811 533 1872 etism
557 1811 625 1872 illos
646 1809 764 1872 habitus
786 1818 817 1871 ιι
835 1807 892 1869 sibi
914 1818 945 1869 ιι
959 1808 1067 1871 virtuti
1092 1828 1163 1873 esse
1187 1804 1302 1899 contra-l

179 1899 249 1962 rios.
296 1898 405 1960 Verum
427 1898 533 1960 accidit
554 1907 588 1960 ιιι
611 1897 749 1978 opposita
771 1904 801 1957 et
819 1896 966 1959 contraria
987 1896 1062 1959 alias
1087 1898 1213 1976 quidem
1234 1902 1302 1979 per·¹

179 1987 283 2067 spicue
304 1985 365 2047 sint
383 1986 491 2060 omnia,
513 1987 567 2048 sed
590 1985 660 2047 alias
682 2003 717 2047 es
733 1983 827 2063 magis
848 1991 1031 2064 appareant,
1061 2003 1143 2064 quae
1160 1986 1288 2051 inclinant

179 2074 217 2136 ad
238 2074 370 2146 nimium,
395 2074 467 2136 alias
490 2074 576 2135 edam
595 2092 640 2147 ea,
663 2091 738 2154 quae
760 2072 797 2132 ad
815 2090 929 2152 parum.
971 2070 1063 2135 Cuius
1084 2072 1212 2154 quidem
1232 2092 1289 2135 oon·

134 2168 163 2211 ιι
180 2161 339 2223 trarietatis
357 2163 432 2224 baec
450 2179 536 2223 causa
556 2168 618 2235 ιιι,
640 2160 721 2241 quod
741 2177 802 2221 non
819 2177 940 2239 semper
961 2160 999 2222 ad
1022 2159 1158 2223 eandem
1181 2161 1290 2223 diversi-

180 2257 269 2310 tatem
292 2249 339 2310 vel
362 2249 584 2311 similitudinem
606 2248 697 2311 medii
717 2246 909 2321 inclinamus,
938 2247 993 2310 sed
1012 2246 1089 2309 alias
1110 2249 1151 2312 ad
1173 2249 1289 2313 medion

178 2336 311 2398 habitum
334 2336 461 2398 celerior
482 2336 621 2398 transitus
644 2343 690 2397 ιιι
708 2336 744 2397 ab
768 2353 903 2407 excessu,
924 2333 995 2397 alias
1010 2352 1028 2395 a
1043 2334 1190 2398 deiectu:
1213 2354 1289 2417 aquo

180 2422 229 2503 qui
253 2424 396 2485 remotior
423 2431 486 2498 est,
512 2424 537 2485 is
557 2424 650 2503 magis
682 2422 848 2485 conmarius
871 2440 937 2483 esso
961 2421 1090 2485 ridetur.
1140 2423 1233 2486 Cuius
1258 2410 1310 2515 rai}

178 2509 273 2571 simile
296 2511 384 2572 etiam
414 2512 444 2571 in
467 2530 595 2592 corpore
617 2511 687 2572 licet
713 2510 962 2573 animadvertere:
990 2526 1061 2573 nam
1090 2509 1126 2573 in
1148 2511 1289 2573 laboribus

131 2606 160 2651 ιι
179 2597 325 2659 obeundis
347 2597 470 2660 nimium
497 2598 643 2661 salubrius
671 2605 717 2659 est
744 2616 831 2678 mam
854 2614 960 2677 parum
982 2604 1012 2659 et
1033 2598 1157 2659 aceedit
1176 2600 1290 2680 propius

178 2686 215 2746 ad
234 2685 380 2746 medium:
402 2697 505 2748 contra
524 2687 554 2748 in
574 2685 640 2747 cibo
657 2686 803 2748 sumendo
822 2702 927 2765 parum
949 2691 995 2747 ost
1011 2683 1166 2749 salubrius
1186 2694 1218 2749 et
1238 2706 1291 2747 me·

179 2772 227 2834 dio
258 2773 382 2854 propius
413 2793 500 2853 quam
534 2773 666 2835 nimium.
718 2772 820 2853 ltaque
849 2772 937 2835 ctiam
965 2770 1083 2835 babitus
1113 2774 1243 2837 consilio
1271 2756 1314 2843 eti

177 2861 328 2922 voluntate
350 2861 381 2923 in
399 2861 534 2941 corporis
557 2860 766 2923 exercitatione
787 2861 881 2940 parati
901 2859 943 2921 its
959 2858 1052 2939 magis
1078 2858 1230 2926 favebunt
1252 2880 1292 2921 ra-

177 2948 312 3022 letudini‚
335 2949 359 3009 si
381 2949 411 3010 in
434 2950 570 3011 laborum
585 2949 779 3027 ciborumque
794 2948 909 3011 ratione
923 2948 1060 3011 homines
1076 2965 1140 3009 una
1164 2968 1201 3011 ex
1219 2958 1292 3030 parte

175 3035 206 3097 in
228 3037 379 3098 laboribus
409 3037 540 3098 ferendis
566 3036 626 3098 siut
653 3035 863 3117 patientiores,
887 3054 922 3096 er
944 3042 1029 3114 parte
1051 3033 1149 3097 altera
1172 3036 1205 3099 in
1230 3037 1314 3101 cibis.

177 3124 329 3185 sumendis
357 3124 606 3187 continentiores:
644 3132 732 3202 atquo
760 3123 801 3184 its
829 3121 941 3185 bomini
963 3119 1095 3184 medium
1118 3125 1252 3185 sectanti
1272 3112 1315 3184 et'

175 3211 298 3273 rationis
328 3213 496 3293 praeceptis
536 3211 755 3292 obtemperanti
783 3209 844 3271 illic
878 3209 920 3287 [in
949 3207 1101 3271 laboribus
1137 3211 1291 3288 obeundis]

132 3307 159 3351 δι
178 3299 343 3361 contrarius
371 3298 427 3360 erit
454 3301 544 3362 bomo
569 3300 684 3379 lugiens
713 3298 867 3370 laborum,
898 3304 928 3357 et
947 3314 1009 3359 uon
1035 3296 1144 3369 ambo,
1173 3298 1239 3361 illic
1261 3299 1291 3377 [in

178 3385 244 3447 cibo
269 3386 425 3465 capiendo]
448 3388 538 3449 bomo
559 3386 711 3449 abdomini
736 3385 870 3458 deditus,
895 3392 926 3447 ct
944 3401 1006 3447 non
1023 3382 1113 3445 homo
1133 3383 1227 3447 lamis
1247 3405 1317 3466 pap

177 3472 263 3534 tiens.
309 3473 397 3535 Cuius
420 3474 539 3552 quidem
567 3474 610 3536 rei
636 3476 711 3537 haec
738 3479 909 3545 causaest,
941 3470 1021 3551 quod
1049 3476 1157 3533 namra
1180 3491 1247 3537 uon
1268 3473 1315 3593 in.

177 3560 314 3620 omnibus
336 3560 498 3639 aequaliter
521 3562 608 3623 distat
626 3580 642 3622 a
658 3561 775 3634 medio,
801 3561 856 3623 sed
877 3558 975 3623 minus
1001 3557 1039 3621 ad
1062 3557 1187 3621 labores
1207 3561 1316 3661 susti-¹

176 3646 308 3717 nendos,
339 3646 431 3724 magis
453 3647 491 3706 ad
514 3648 680 3728 voluptates
706 3649 847 3711 fruendas
868 3648 957 3728 proni
978 3663 1090 3709 sumus.
1134 3644 1242 3709 Simile
1266 3649 1291 3709 in

131 3743 158 3789 so
177 3730 274 3792 animo
294 3750 350 3794 usu
370 3731 459 3793 venit
500 3732 601 3813 ltaque
621 3736 801 3799 contrarium
820 3734 959 3818 ponimus
980 3732 1122 3806 habitum,
1145 3734 1187 3797 ad
1208 3754 1293 3815 quem

174 3819 266 3897 magis
289 3828 394 3882 natura
419 3819 559 3893 terimur,
590 3829 620 3882 ιι
645 3821 676 3882 in
698 3841 786 3900 quem
808 3823 901 3902 magis
921 3820 1044 3885 inclinat
1065 3820 1190 3899 vulgus:
1219 3823 1293 3884 alter

175 3925 263 3980 vero,
295 3907 420 3987 perinde
442 3926 477 3969 ac
500 3908 525 3969 si
542 3926 603 3970 non
626 3907 665 3969 ιιι
686 3908 824 3982 omnino,
849 3910 936 3971 latet:
966 3926 1036 3973 nam
1057 3906 1125 3988 quia
1147 3926 1219 3971 raro
1237 3930 1292 3972 usu

175 3995 272 4067 venit,
299 4013 360 4057 non
387 3995 638 4058 animadvertitur.
690 3995 825 4077 Exempli
854 3997 947 4075 grstia
973 3995 1047 4059 uam
1071 3997 1292 4061 mansuetudini

88 4085 206 4144 1ιιιιιιι
227 4082 378 4144 hominem
398 4083 573 4145 iracundum
594 4082 706 4145 bomini
725 4090 880 4146 mansueto
900 4083 1091 4165 opponimus,
1113 4100 1291 4167 quamquam

174 4176 275 4249 potest
300 4170 404 4251 aliquis
428 4190 494 4233 esse
520 4168 743 4233 immoderatior
769 4169 1051 4235 inmansuetudine
1074 4174 1292 4235 exercendset

173 4256 204 4317 in
227 4256 312 4317 venia
335 4258 430 4320 danda
450 4266 481 4321 et
497 4257 528 4320 in
551 4258 604 4330 ira,
624 4275 714 4338 quum
735 4256 867 4338 colaphis
890 4258 1032 4332 caeditur,
1056 4259 1289 4340 comprimenda.

175 4342 235 4405 Sed
259 4342 336 4417 rari,
360 4345 409 4425 qui
431 4346 505 4407 tales
527 4345 604 4419 sint,
626 4343 833 4408 inueniuntur:
861 4354 892 4410 et
915 4347 954 4410 ad
975 4346 1102 4409 altorum
1124 4354 1289 4413 extremum
