2776 4836
570 213 739 288 ll,·2.·3.
1180 207 1260 293 27⁹

58 410 243 467 maantam
266 409 297 463 et
309 402 476 467 secundum
490 404 643 467 facultates
663 403 836 484 passionum
854 403 901 464 vel
917 403 1116 478 affectionum,
1138 422 1176 468 ex
1193 404 1260 486 qni

140 490 199 552 bus
222 489 357 551 homines
380 492 516 570 patibiles
538 492 584 554 rel
604 490 776 553 affectibiles
805 490 1010 570 appellantur,
1042 498 1072 551 et
1093 493 1259 556 secundum

141 577 276 650 babitus,
312 594 349 639 er
378 579 484 656 quibus
513 579 685 659 passionum
710 586 850 657 respectu
887 577 1080 640 nominantur
1111 579 1258 653 homines,

93 673 124 718 ¹⁰
145 684 238 745 quum
265 672 316 727 aut
343 664 512 728 alliciuntur
542 667 640 747 aliquo
670 666 760 728 modo
790 672 925 726 autnon
955 663 1133 728 afficiuntur.
1183 666 1259 728 Tum

143 751 278 831 sequntur
300 751 404 814 divisio
426 754 596 814 facultatum
614 761 644 816 et
661 752 812 815 habituum
835 751 866 812 in
888 751 940 823 iis,
963 752 1011 831 qui
1033 770 1051 815 a
1071 752 1259 833 passionibus

141 839 229 903 liberi
250 847 330 903 sunt.
371 839 442 903 Ilico
464 849 563 903 autem
582 840 737 922 passiones
757 839 841 901 talia:
872 838 1163 913 excandescentiam‚
1195 859 1260 902 mc·

144 937 218 1000 tum,
241 927 403 1007 pudorem,
428 928 636 1009 cupiditatem,
659 927 781 989 omnino
802 945 853 999 ea,
876 945 952 1005 quae
975 927 1152 1007 plerumque
1174 928 1261 989 volu·

145 1022 222 1095 ptos,
242 1033 330 1095 quam
352 1015 472 1087 sentias,
492 1024 543 1077 aut
564 1016 659 1093 dolor,
679 1033 768 1095 quem
787 1013 908 1086 sentias,
929 1032 985 1093 per
1007 1033 1075 1076 sese
1094 1014 1259 1078 comitatur.

97 1110 124 1153 ¹³
143 1102 240 1181 Atque
266 1122 303 1163 ex
327 1102 373 1164 bis
396 1102 602 1182 quidemnon
631 1109 677 1165 est
699 1101 824 1182 qualitas
849 1101 880 1162 in
909 1101 1026 1174 animo,
1054 1103 1109 1164 sed
1134 1103 1261 1164 aflicitur

144 1189 350 1253 tantaunmodo
381 1189 512 1251 animus:
543 1209 647 1252 vorum
672 1209 709 1250 ex
732 1188 919 1251 facultatibus
941 1195 987 1250 est
1015 1188 1106 1251 animi
1120 1189 1260 1269 qualitas.

142 1275 215 1338 Ilico
234 1286 332 1338 autem
350 1278 513 1350 facultates,
536 1297 570 1339 ex
591 1277 696 1358 quibus
712 1276 905 1345 nominantur
920 1274 951 1349 ii,
973 1275 1033 1354 qni,
1054 1295 1146 1356 quum
1164 1277 1261 1356 aliqua

85 1422 88 1427 .
144 1364 267 1427 istarum
290 1363 461 1444 passionum
482 1365 579 1427 affecti
599 1372 678 1437 sunt,
701 1372 881 1445 operantur,
902 1370 936 1425 ut
954 1362 1127 1437 iracundus,
1150 1364 1259 1437 lentus,

146 1469 309 1524 venereus,
330 1452 536 1525 verecundus,
558 1452 727 1533 impudens.
772 1451 895 1514 Habitus
916 1448 1015 1513 autem
1036 1459 1124 1524 sunt,
1155 1451 1261 1530 quibus

145 1539 273 1603 efficitur
291 1546 324 1599 ut
343 1539 393 1601 illa
411 1548 462 1600 aut
483 1539 590 1602 rationi
610 1539 824 1602 convenienter
846 1547 898 1602 aut
916 1545 1020 1603 contra
1041 1538 1188 1603 rationem
1208 1558 1260 1600 ex-

97 1635 126 1680 ²⁰
143 1626 251 1699 islant,
277 1634 310 1688 ut
332 1627 492 1699 fortitudo,
519 1628 668 1707 frugalitas
692 1627 739 1689 vel
761 1626 973 1708 temperantia,
996 1625 1129 1705 ignavia,
1151 1624 1260 1688 intem-

146 1714 289 1795 perantia.

120 1835 142 1905 8
237 1835 289 1896 His
312 1835 498 1909 constitutis,
522 1837 579 1898 boc
602 1844 748 1910 teneatur,
769 1835 800 1897 in
824 1835 904 1896 omni
926 1834 1067 1896 continno
1092 1842 1121 1896 et
1140 1834 1259 1897 dividuo

144 1941 210 1984 esse
228 1941 382 1985 excessum
402 1931 431 1984 et
451 1924 599 1985 defectum
616 1932 646 1986 et
660 1925 801 1996 medium,
824 1914 990 2003 etquidem
1007 1922 1163 1984 autrebus
1181 1923 1260 1984 inter

144 2029 177 2072 se
200 2011 376 2090 comparatis
399 2019 449 2072 aut
470 2013 508 2072 ad
527 2031 582 2072 nos
605 2012 716 2084 relatis,
738 2011 821 2072 utin
844 2018 908 2071 arte
930 2009 1119 2090 gymnastioa,
1142 2009 1173 2071 in
1195 2029 1260 2072 me-

144 2098 223 2172 dica,
246 2099 278 2159 in
297 2098 541 2172 architectonica,
568 2099 599 2160 in
622 2097 848 2178 gubernatoria,
876 2104 906 2158 ct
927 2096 957 2157 in
980 2096 1112 2177 qualibet
1133 2097 1259 2170 actione,

96 2201 126 2245 aa
146 2185 207 2246 sire
230 2205 263 2246 ea
286 2187 384 2247 veniat
404 2205 421 2247 a
444 2186 566 2248 scientia
584 2187 630 2247 vel
653 2186 689 2248 ab
715 2193 793 2258 arte,
825 2185 887 2246 sive
911 2183 1034 2246 scientia
1059 2185 1106 2246 vel
1129 2192 1192 2246 arte
1211 2203 1261 2246 ca-

113 2282 117 2289 '
144 2280 217 2334 reat.
260 2272 350 2334 blotio
380 2274 459 2335 enim
485 2274 658 2336 continuum
685 2281 743 2335 est:
776 2272 851 2334 actio
880 2279 979 2354 autem
1010 2278 1056 2333 cst
1082 2274 1184 2333 motio.
1225 2272 1260 2333 ln

147 2360 284 2422 omnibus
307 2361 396 2422 rebus
424 2361 591 2435 autemid,
625 2362 705 2443 qnod
734 2368 779 2423 est
805 2358 936 2421 medium
957 2377 991 2420 re
1019 2359 1056 2421 ad
1075 2378 1131 2424 nos
1158 2359 1260 2433 relata,

146 2447 291 2530 optimum
313 2454 372 2509 est:
396 2465 465 2510 nam
488 2452 545 2511 boc
561 2450 601 2510 ita
623 2457 826 2531 comparatum
847 2454 908 2519 est,
930 2452 963 2508 ut
985 2445 1107 2508 scientia
1130 2443 1213 2509 iubet
1231 2455 1262 2508 et

145 2535 228 2597 ratio.
273 2534 338 2596 Hoc
358 2544 457 2598 autem
474 2538 583 2619 ubique
605 2544 727 2617 generat
746 2536 832 2599 ctiam
854 2534 986 2597 habitum
1006 2535 1160 2616 optimum.
1201 2535 1260 2595 lle-

97 2639 126 2685 an
145 2623 237 2685 clarat
261 2642 326 2683 rem
348 2623 480 2697 inductio
505 2632 534 2685 et
561 2624 646 2686 ratio.
685 2624 758 2686 Nam
781 2622 929 2685 contraria
950 2621 1030 2683 inter
1051 2640 1084 2683 se
1107 2628 1259 2683 evertunt:

146 2718 276 2772 extrema
305 2717 404 2772 autem
433 2719 463 2772 et
488 2710 543 2774 sibi
576 2720 605 2773 ct
632 2712 730 2774 medic
759 2710 905 2773 contraria
933 2715 1011 2770 sunt
1059 2708 1188 2770 bladium
1215 2716 1260 2770 est

111 2830 117 2855 s
146 2797 225 2860 enim
250 2798 423 2860 utrumlibet
451 2799 489 2860 ad
516 2799 703 2872 utrumlibet,
735 2806 768 2860 ut
790 2797 912 2879 aequale
941 2802 987 2857 est
1007 2795 1101 2857 maius
1132 2795 1258 2869 minore,

146 2887 244 2948 minus
269 2886 391 2947 maiore.
439 2886 540 2967 ltaque
561 2887 700 2949 virtutem
722 2886 867 2947 moralem
888 2898 1012 2945 necesse
1034 2881 1130 2945 estin
1152 2882 1259 2944 mediis

96 2990 126 3034 aa
147 2973 321 3054 quibusdam
348 2974 459 3035 versari
488 2982 518 3035 et
548 2992 613 3039 esse
637 2975 782 3055 quandam
802 2971 1046 3035 mediocritatem.
1094 2968 1192 3042 Quare
1215 2969 1259 3030 vi-

146 3061 277 3122 dendum
300 3067 346 3122 est
364 3079 438 3141 quae
456 3061 644 3124 mediocritas
664 3062 757 3123 virtus
776 3059 823 3134 sit,
847 3067 876 3123 et
892 3059 923 3119 in
943 3057 1049 3140 quibus
1067 3055 1172 3117 mediis
1191 3074 1259 3117 ver-

143 3156 235 3211 setur.
282 3149 384 3231 ltaque
412 3150 539 3233 exempli
571 3149 662 3230 gratia
683 3151 757 3211 baec
777 3153 929 3233 ponantur
960 3144 1123 3211 eternae
1146 3142 1258 3205 descn'·

144 3236 247 3317 ptione
270 3244 497 3316 cognoscantur.

144 3376 299 3439 Iracundia
527 3376 686 3441 Lantitudo
949 3369 1072 3435 Lanitaa

144 3462 273 3527 Audacia
527 3464 683 3527 Timiditas
949 3458 1106 3522 Fortitudo

64 3550 335 3631 aanalmpudcnlia
528 3552 642 3632 Stupor
950 3545 1053 3610 Pudor

148 3638 379 3718 intemperantia
529 3640 633 3719 Frigus
657 3653 697 3704 vet
719 3650 860 3719 voluptaris
951 3631 1160 3716 Temperantia

563 3723 712 3790 aspernatio

147 3812 311 3877 invidentia
528 3812 716 3948 Midiffirim
741 3840 814 3877 auum
834 3838 882 3875 noa
951 3802 1033 3872 Iusta
1050 3807 1212 3886 indignatio

582 3912 596 3947 fl
616 3911 630 3947 0
662 3911 752 3947 nomen

147 3987 277 4052 Lucrum
530 3985 674 4048 Damnum
950 3981 1064 4044 iustum

114 4093 130 4136 a
148 4074 344 4154 Prodigalitas
529 4071 712 4136 illiberalitas
950 4063 1124 4129 Liberalitas

148 4162 248 4226 Gloria
270 4177 311 4228 vel
330 4175 471 4228 ostentatio
529 4156 727 4223 Dissimulnfio
952 4152 1065 4216 Ven'iaa

147 4248 283 4315 ddulau'o
530 4246 638 4309 Odium
950 4238 1124 4373 Humaniutfa
1146 4248 1188 4300 sel

985 4337 1061 4372 amaea

145 4422 315 4490 amanto
528 4416 691 4487 lnaoleuu‘a
951 4408 1084 4477 mutat

64 4702 318 4804 haam-„1
