2784 4838
91 216 170 303 316
625 218 702 295 vll.
728 222 765 295 2
1312 322 1317 365 Ι

91 414 292 481 rummiens
313 412 420 474 suavis.
464 414 650 494 Quamquam
671 430 711 475 ne
733 411 870 473 absoluto
892 408 1014 491 qrridenr
1035 410 1139 473 suavis
1161 408 1321 473 colmari

180 500 380 580 cognoscitur.
419 501 492 563 Nam
509 501 646 563 homines
667 500 736 562 rino
753 517 789 561 ac
803 498 871 563 cibo
892 496 1006 561 similes
1026 504 1115 561 sunt:
1135 496 1198 559 vini
1218 497 1289 559 enim
1314 484 1320 565 l

180 608 216 651 ac
237 588 294 650 cilri
315 588 443 650 suavitas
461 588 600 649 celeriter
621 588 762 669 patescit,
790 585 845 649 scd
864 584 975 649 diutins
993 592 1140 667 percepta
1156 583 1289 657 insuauia,
1316 608 1319 647 ι

134 688 162 733 aa
179 694 214 739 ae
232 694 293 737 non
311 674 407 737 dulcis
425 676 557 737 ridetur:
578 676 716 756 idemque
734 675 765 736 in
784 672 955 737 homiuibus
969 672 1086 735 accidit.
1124 670 1202 735 Nam
1217 673 1289 753 quod

179 763 316 825 absolute
344 771 518 835 moreest,
548 763 579 824 id
600 763 660 825 line
688 770 718 823 et
747 770 885 843 tempore
913 758 1138 823 diiudicandum
1160 768 1217 823 est.
1254 760 1290 821 Ac
1316 782 1320 875 p

181 851 285 929 vulgus
304 867 423 929 quoquc
442 853 585 923 latentur,
605 870 641 913 ex
664 856 773 911 euentu
792 848 889 911 solum
912 848 1055 929 cognosci
1075 865 1180 911 reram
1198 847 1290 909 urari-

181 946 287 1000 tatem:
312 937 366 998 sed
385 945 418 999 ut
440 938 478 999 dc
501 938 632 1019 potionis
650 936 793 999 suavitate
814 936 955 1009 indicant,
973 936 1014 998 ita
1034 934 1074 997 de
1090 934 1177 998 ornni
1198 934 1289 997 auari-
1316 928 1320 1027 l

182 1034 241 1087 tate
266 1024 409 1087 sentiunt
457 1026 531 1088 Nam
560 1024 690 1106 potionis
707 1025 852 1098 suauitas,
880 1023 907 1085 si
928 1024 1019 1085 finon
1040 1030 1180 1105 spectas,
1206 1040 1290 1103 saepe

181 1130 243 1174 non
265 1120 311 1174 cst
332 1131 401 1174 vcra
422 1113 567 1186 suauitas,
594 1113 649 1175 scd
674 1112 742 1192 quia
764 1130 826 1174 non
848 1118 997 1193 perpetuo
1018 1110 1070 1173 uti
1087 1108 1217 1191 potione
1234 1110 1290 1172 lm·
1315 1088 1319 1159 l

180 1206 282 1272 untur,
305 1218 371 1261 eam
391 1200 509 1263 dulcem
528 1220 595 1263 csse
615 1200 792 1273 existimant,
815 1206 904 1279 atque
919 1198 1019 1280 primo
1035 1216 1071 1261 ac
1091 1204 1185 1277 gmon
1200 1196 1290 1279 decipi
1315 1194 1320 1329 p

180 1306 217 1350 ac
234 1286 360 1349 deleniri
379 1287 542 1368 patiuntur.

136 1390 165 1435 ao
265 1372 366 1437 Prima
394 1375 485 1453 igitur
505 1375 631 1438 amicitia
653 1383 741 1456 atquo
763 1392 815 1447 ea,
837 1392 855 1435 a
876 1392 935 1454 qua
952 1372 1085 1455 reliquae
1102 1390 1220 1435 nomen
1238 1380 1291 1435 tra

178 1461 263 1534 hunt,
283 1462 357 1525 lraec
375 1470 431 1537 cst,
453 1483 528 1544 quae
547 1471 727 1544 prouocatur
745 1463 854 1525 virtute
874 1469 963 1543 atque
978 1460 1134 1543 uoluptate
1151 1478 1223 1523 mum
1239 1461 1291 1523 rir-
1318 1496 1322 1507 .

181 1556 244 1611 tute
265 1549 439 1625 coniuncta,
469 1560 613 1632 utsupra
635 1550 875 1629 significavimus.
928 1548 1069 1629 Reliquae
1099 1567 1173 1611 uero
1196 1548 1291 1610 amiei-
1315 1514 1322 1629 Ι

179 1636 237 1697 tiae
253 1636 341 1699 ctiam
362 1636 441 1701 inter
463 1658 575 1719 pucros
597 1646 628 1701 et
644 1638 722 1700 inter
743 1637 854 1699 bestias
877 1645 907 1699 et
927 1636 1007 1699 inter
1027 1636 1167 1699 homines
1188 1654 1290 1717 prauos
1315 1632 1323 1719 l

179 1730 259 1786 sunl.
302 1724 387 1787 Unde
409 1726 533 1788 dicitur:
554 1726 710 1808 „aequato
733 1724 1122 1807 opulentumque
1318 1782 1321 1789 .

362 1812 480 1885 „Molos
502 1814 636 1894 uoluptas
659 1814 767 1893 couplet
785 1824 872 1893 utque
893 1812 1045 1894 copulat‘·
1316 1794 1323 1927 1

135 1911 163 1955 aa
181 1898 284 1961 Potest
306 1899 384 1962 cuim
403 1902 468 1963 lieri
489 1910 523 1963 ut
540 1901 609 1963 mali
629 1920 748 1981 qnoque
768 1901 905 1963 homines
925 1910 1030 1963 mutuo
1045 1916 1114 1961 sese
1131 1898 1290 1971 oblectent,

179 2006 241 2049 narn
263 1996 410 2067 qnatenus
429 1990 515 2061 mali,
541 1989 588 2050 rel
611 1988 700 2051 animi
718 1988 824 2049 incerti
843 1986 980 2050 homines
1001 1994 1089 2060 sunt,
1111 1986 1168 2049 aed
1191 1994 1290 2067 quate·
1317 1950 1324 2077 Ι

180 2093 237 2138 mu
256 2076 383 2156 cxempli
404 2096 491 2139 carisa
517 2076 605 2138 ambo
628 2084 766 2139 cantores
786 2086 856 2138 sunt
878 2075 925 2136 vel
946 2075 1023 2137 alter
1044 2082 1152 2137 cantus
1169 2082 1289 2144 amator,

178 2163 253 2224 altcr
275 2171 380 2225 cantor
401 2173 464 2239 est,
494 2173 583 2246 atquc
600 2172 746 2243 quatenus
768 2181 873 2225 omncs
893 2162 1031 2225 homines
1051 2162 1166 2225 hahent
1187 2161 1291 2242 aliquid
1319 2122 1324 2225 i

181 2257 262 2311 curto
289 2250 360 2312 honi
383 2260 471 2334 atque
494 2254 532 2313 ita
556 2252 737 2333 conspirant.
781 2250 940 2313 Praeterea
961 2249 1051 2311 iidem
1073 2249 1165 2311 etiam
1187 2249 1292 2313 utilita-

179 2344 225 2397 tcs
247 2336 302 2398 situ
328 2340 613 2418 commoditatcsque
637 2349 741 2401 mutuo
768 2356 874 2419 parare
898 2346 1044 2418 possunt,
1074 2354 1139 2399 non
1160 2336 1292 2399 absolrde
1319 2280 1325 2375 ι

92 2432 150 2491 ttae,
158 2424 310 2502 squidem,
333 2425 387 2487 sod
405 2428 442 2487 ad
465 2427 687 2507 exsequendum
706 2426 863 2489 consilium
883 2425 1002 2505 aliquod
1024 2424 1229 2506 propositum,
1251 2424 1291 2485 uel
1319 2386 1327 2523 Ι

178 2519 324 2591 quotenus
345 2515 489 2593 appellari
511 2522 640 2594 possunt
660 2518 761 2575 acturi
780 2515 838 2576 hoc
856 2520 902 2575 est
921 2531 1020 2593 neque
1037 2512 1129 2594 plane
1147 2512 1223 2576 boni
1243 2530 1292 2573 ne·
1323 2534 1326 2541 ·

178 2617 235 2679 que
257 2618 382 2678 prorsus
404 2602 482 2663 nrali.
530 2602 634 2663 Potest
656 2600 743 2663 ctiam
766 2602 831 2663 lieri
854 2607 887 2661 ut
908 2600 971 2662 viro
1001 2600 1099 2681 probo
1121 2600 1239 2663 amicus
1259 2599 1292 2661 sit

177 2687 267 2748 luuno
297 2687 401 2750 malus.
446 2688 519 2750 Nam
546 2690 583 2751 ad
613 2689 769 2751 consilium
799 2689 919 2768 aliquod
945 2686 1171 2769 exsequendum
1196 2695 1292 2770 potest

178 2793 244 2834 cruc
267 2774 345 2835 utilis
362 2784 392 2836 et
413 2796 522 2857 pravus
544 2777 640 2850 bono,
672 2777 708 2837 ad
729 2776 801 2838 honi
824 2776 980 2838 consilium
1001 2775 1248 2855 exsequendum,
1266 2782 1291 2836 et

176 2862 273 2923 bonus
298 2862 343 2923 vel
367 2864 479 2926 honuni
500 2864 714 2935 incontinenti,
745 2864 783 2924 ad
805 2863 893 2925 huius
919 2862 1094 2935 consilium,
1118 2862 1168 2925 vel
1191 2880 1289 2945 pravo,
1322 2866 1327 2975 q

145 2950 215 3011 aad
239 2950 395 3013 rorrsilinrn
417 2952 554 3032 aliquod,
584 2952 663 3032 quod
687 2969 797 3032 pravus
820 2951 858 3012 oh
882 2950 1046 3013 naturalem
1066 2950 1220 3031 quandam
1241 2950 1291 3013 lro·

178 3038 300 3100 uitatem
327 3036 437 3102 trabere
465 3046 582 3120 potest:
617 3039 755 3118 soletque
781 3038 879 3100 bonus
900 3038 986 3099 alteri
1006 3036 1116 3119 partim
1139 3056 1193 3111 ea,
1222 3054 1292 3119 quae
1324 3020 1329 3109 l

177 3126 311 3187 olisolute
332 3126 409 3188 loona
432 3135 516 3199 sunt,
535 3126 643 3207 partim
665 3144 708 3197 ea,
730 3144 806 3204 quae
829 3144 885 3205 pro
908 3144 941 3187 re
962 3132 1032 3187 nata
1048 3124 1223 3203 necessaria
1244 3142 1291 3187 oo·
1324 3132 1330 3265 p

176 3232 233 3293 quc
252 3214 329 3275 bona
353 3222 424 3276 sunt
445 3222 572 3295 propter
589 3213 633 3285 id,
661 3213 741 3293 quod
764 3220 810 3274 est
828 3212 1016 3293 propositum
1039 3212 1186 3294 (exempli
1204 3210 1291 3293 qratia

177 3309 321 3381 (quatenns
340 3301 369 3363 iu
393 3302 632 3383 paupertatem!
655 3300 761 3361 morbo
784 3300 986 3363 adiumentum
1007 3300 1083 3379 est):
1111 3306 1206 3379 atquo
1223 3300 1291 3361 liaeo
1326 3298 1331 3411 Ι

176 3388 312 3467 quidem,
341 3408 416 3469 quac
437 3390 515 3451 hona
539 3389 632 3451 relate
654 3395 741 3459 sunt,
763 3387 897 3449 absolute
919 3387 1070 3450 bonorum
1090 3404 1182 3449 musa
1205 3385 1290 3458 volet,

176 3474 253 3536 sicut
271 3476 299 3535 in
319 3495 444 3546 corteno,
465 3478 545 3555 quod
563 3474 646 3556 potui
663 3475 758 3546 datur,
782 3475 951 3537 usuvenit:
970 3471 1169 3555 nequeenim
1192 3474 1291 3553 [vene-
1327 3470 1331 3519 ¹

176 3580 247 3622 uum
270 3581 325 3642 por
346 3562 472 3641 sedari}
502 3565 581 3635 vult,
610 3563 664 3623 sed
686 3564 746 3624 hoo
775 3570 858 3624 certo
884 3562 991 3625 ductus
1021 3558 1147 3623 consilio
1169 3560 1294 3641 [scilicet
1327 3552 1333 3633 ,ἶ

175 3655 208 3708 ut
232 3648 341 3709 malum
374 3668 517 3729 praesens
547 3650 696 3731 pellaturl.
741 3648 900 3712 Praeterea
930 3649 1016 3711 etiam
1045 3666 1083 3711 eo
1111 3656 1206 3729 pacto
1224 3646 1292 3711 lroni
1325 3662 1331 3677 ·

134 3748 159 3793 to
179 3754 245 3796 cunr
269 3736 353 3797 malis
376 3737 499 3815 iungere
530 3745 658 3819 possunt
676 3737 861 3810 amicitiam.
882 3756 941 3818 quo
963 3743 1052 3816 pacto
1073 3734 1217 3799 homines
1235 3752 1293 3799 non
1326 3752 1330 3813 p

175 3822 261 3903 probi
284 3824 441 3886 amicitiam
464 3834 590 3887 cocunt·
625 3825 697 3886 Nam
716 3825 864 3887 iucundus
886 3832 987 3906 potest
1007 3842 1075 3885 csse
1091 3822 1293 3907 aliquimnon
1327 3818 1330 3833 '

175 3918 321 3989 quatenus
336 3912 431 3973 malus
450 3919 505 3985 est,
522 3913 576 3973 scd
591 3919 737 3990 quatenus
755 3912 876 3992 aliquid,
898 3912 979 3993 quod
1001 3909 1142 3975 omnibus
1157 3910 1192 3975 in
1215 3930 1293 3975 conr-
1326 3908 1332 4005 Ι

175 4016 266 4059 muno
289 4008 404 4077 gratum
424 4008 480 4069 ost,
499 4000 597 4072 habet,
620 4000 749 4080 exempli
772 4000 864 4078 gratia
885 4000 911 4061 si
929 4000 1037 4062 habeat
1052 3998 1212 4063 scientiam
1227 3998 1293 4061 utic

175 4086 320 4147 musicae:
352 4093 403 4146 aut
431 4087 519 4147 etiam
542 4093 689 4167 quatenus
709 4086 820 4166 aliquid
842 4087 1000 4169 probitatis
1022 4088 1127 4149 haeret
1147 4086 1180 4149 in
1200 4084 1293 4149 omui·
1322 4050 1334 4177 l

176 4172 249 4233 lius:
272 4172 352 4234 unde
374 4174 520 4245 nonnulli,
544 4192 720 4254 quamquam
743 4174 815 4235 boni
836 4193 899 4236 non
920 4182 1001 4245 sunt,
1024 4182 1125 4237 umen
1141 4190 1293 4237 nomman-
1330 4190 1334 4203 ·

177 4260 311 4320 dationes
344 4260 455 4322 liabent
482 4261 520 4321 ad
550 4260 813 4322 consuetudinem:
850 4270 901 4323 aut
927 4261 1016 4323 etiam
1045 4268 1198 4344 quatcntro
1226 4260 1293 4345 ipen
1326 4214 1333 4317 i

177 4364 250 4493 ἔξωι
271 4346 414 4425 singulari
439 4347 562 4409 alicuius
587 4347 707 4426 ingenio
730 4348 886 4410 convenit:
915 4366 984 4412 nam
1013 4346 1129 4429 aliquid
1149 4348 1227 4415 boni
1245 4350 1293 4415 lit·
1327 4338 1334 4465 Ι

212 4452 236 4495 n
271 4450 386 4497 omnes.
1328 4468 1334 4479 =
