2776 4836
1152 275 1263 319 XLVll

10 428 31 481 'l
66 428 196 516 ἀπορίας
216 434 324 499 excitet
346 453 380 496 ac
398 435 492 497 solvat
504 431 567 512 ³⁰),
591 455 652 498 nou
675 447 721 498 est
743 457 796 498 eur
816 436 993 510 dubitemus,
1017 436 1086 516 quin
1110 437 1164 498 bae
1182 431 1263 495 ἀπο-

10 530 30 597 *p
64 519 125 601 plcre
145 523 179 584 ln
198 523 323 585 Eudemi
344 522 381 583 de
406 522 515 586 iustitia
536 523 613 584 libro
633 524 761 605 scriptae
787 524 897 585 luerint
923 534 952 584 et
976 542 1011 584 ex
1033 524 1092 585 boe
1107 523 1139 584 in
1160 523 1264 602 Magna

10 620 23 643 '²
64 608 183 671 lloralia
200 610 360 671 translatae
381 609 456 669 sint:
478 629 514 670 ex
536 629 595 690 quo
614 612 756 690 sequitur,
775 619 809 672 ut
829 612 912 683 baec,
936 628 1011 689 quae
1030 610 1117 671 nobis
1135 610 1212 671 libro
1234 611 1264 669 A

10 694 33 807 p
63 703 178 759 servata
201 704 248 758 est
266 696 425 776 disputatio
442 697 587 770 iustitiae,
618 718 709 778 quum
737 717 794 758 nec
818 698 916 758 locum
941 714 999 757 uec
1018 696 1264 775 significationem

63 783 181 845 illarum
199 776 338 863 ἀποριῶν
356 783 471 856 habeat,
492 803 555 844 non
572 784 610 845 sit
626 785 676 846 illu
697 784 824 845 iustitiae
849 783 1018 862 disputatio,
1042 802 1130 864 quam
1150 783 1181 845 in
1203 783 1263 842 Eu-

17 838 27 899 i
63 869 141 931 demi
164 868 276 931 Etbicis
293 869 406 931 invenit
433 870 503 932 olim
525 879 628 932 auctor
648 871 823 951 Magnorum
844 870 1016 946 Moralium,
1045 871 1092 931 vel
1113 905 1158 913 —
1183 868 1262 950 quod

16 1012 30 1059 t
63 957 169 1018 eodem
188 957 267 1018 redit
285 991 325 999 -
342 964 375 1017 ut
392 958 577 1019 interciderit
595 959 742 1037 genuinus
761 958 837 1020 liber
853 957 1025 1019 Etbicorum
1040 957 1261 1028 Eudemiorum

63 1043 110 1122 qui
137 1043 268 1105 iustitiae
298 1043 528 1123 disputationem
557 1046 818 1125 complectebatur.
868 1043 1001 1124 Denique
1022 1044 1172 1105 Eudemus
1194 1042 1262 1105 libri

10 1160 27 1185 ,ι
65 1129 212 1210 Ocapite
234 1127 255 1190 3
277 1150 307 1210 p.
328 1125 403 1205 256,
429 1127 469 1191 16
492 1132 578 1205 dicit,
604 1150 637 1193 se
664 1131 723 1193 iam
750 1140 837 1193 antea
860 1131 950 1192 verba
972 1131 1079 1192 secisse
1108 1132 1145 1192 do
1166 1132 1262 1192 boue·

10 1260 13 1269 ·
62 1224 135 1278 state
158 1217 299 1279 omuibus
319 1218 452 1280 numeris
474 1219 624 1293 absoluta,
656 1237 779 1300 eamque
803 1238 835 1279 se
866 1214 1101 1298 καλοκάγαθίαν
1128 1218 1261 1297 appella-

16 1316 29 1345 *
63 1304 154 1364 risse:
185 1306 244 1365 boc
261 1311 360 1366 autem
380 1305 445 1367 fieri
468 1305 605 1366 debuisse
629 1305 660 1365 in
681 1324 717 1366 eo
736 1306 830 1378 libro,
861 1324 919 1384 quo
943 1305 980 1365 de
1002 1303 1110 1365 iustitia
1132 1304 1261 1367 dissere·

10 1420 24 1467 χ
61 1391 162 1464 batur,
188 1410 222 1452 cx
241 1391 277 1451 iis
299 1399 441 1471 apparet,
477 1412 551 1471 quae
572 1413 602 1473 p.
626 1387 690 1453 256
713 1393 780 1454 adu.
805 1388 846 1452 10
867 1392 998 1452 Fischeri
1020 1392 1166 1452 sententia
1188 1411 1262 1472 pro-

20 1484 24 1495 '
61 1477 126 1538 bata
152 1477 288 1540 diximus.
332 1479 434 1560 ltaque
464 1479 623 1539 fortissime
653 1480 800 1539 affirmare
822 1498 983 1559 possumus
1005 1479 1113 1539 librum
1132 1480 1161 1536 A
1182 1479 1260 1556 (cap.

64 1559 183 1644 1-14)
201 1583 263 1626 uon
286 1585 352 1627 csse
374 1573 491 1646 partem
510 1567 684 1626 Etbicorum
706 1566 743 1626 ab
764 1566 898 1627 Eudemo
917 1565 1105 1645 scriptorum.

17 1648 25 1659 '
148 1651 259 1713 Contra
281 1654 362 1713 hunc
379 1653 488 1714 librum
509 1656 538 1712 A
561 1671 625 1713 esse
647 1659 763 1732 partem
792 1653 862 1731 (hoc
884 1659 929 1712 est
949 1653 1059 1714 librum
1081 1653 1116 1731 V)
1139 1650 1260 1711 Etbico-

19 1762 26 1783 ·
61 1756 125 1799 mm
141 1738 407 1800 Nicomacbeorum
424 1740 460 1800 ab
479 1739 638 1800 Aristotele
655 1739 836 1818 scriptorum
853 1738 899 1800 bis
921 1738 1083 1799 rationibus
1103 1737 1261 1798 coufirma-

61 1832 115 1887 tur.
162 1824 322 1905 Conspirat
349 1826 397 1887 hic
425 1826 502 1887 liber
528 1845 595 1887 cum
626 1826 749 1887 consilio
780 1833 810 1887 et
838 1844 905 1886 cum
934 1825 1068 1886 doctrina
1087 1823 1260 1886 Etbicorum

16 1920 25 1951 ²
60 1911 339 1974 lucomacheorum:
365 1913 480 1993 positus
509 1920 552 1974 est
571 1913 620 1973 hic
638 1913 714 1973 liber
733 1912 800 1972 loco
821 1911 858 1971 ad
880 1930 962 1984 rem,
994 1911 1031 1971 de
1054 1930 1110 1990 qua
1132 1910 1260 1990 expliea-

60 2006 114 2072 ων,
133 2000 373 2079 persequendam
389 1999 542 2078 aptissimo
554 1996 609 2076 l¹):
626 1999 717 2059 babet
728 1997 777 2058 bic
791 1998 867 2059 liber
883 1997 1050 2058 testimonia
1068 2005 1189 2058 externa
1200 1995 1259 2077 ³²):

59 2085 288 2166 philosophatur
308 2093 411 2146 auctor
428 2085 515 2147 buius
538 2085 605 2148 libri
628 2104 662 2144 eu
683 2084 797 2144 ratione
816 2103 850 2144 ac
870 2084 923 2158 via,
952 2104 1008 2164 qua
1028 2089 1104 2148 solet
1125 2084 1258 2164 pbiloso-

10 2164 26 2241 ’.
59 2172 143 2253 phari
163 2171 355 2233 Aristoteles:
381 2181 534 2252 postremo
558 2190 651 2250 genus
675 2171 793 2232 dicendi
820 2172 911 2233 babet
935 2173 1060 2233 lacteum
1082 2173 1166 2233 illum
1188 2191 1258 2232 cau-

10 2261 13 2271 '
59 2260 181 2331 dorem,
211 2259 261 2338 qui
281 2258 448 2320 Aristotelis
472 2259 613 2339 proprius
635 2265 697 2331 est,
727 2259 817 2319 babet
842 2258 929 2320 etiam
955 2259 1013 2320 vim
1037 2267 1066 2322 et
1087 2259 1259 2338 gravitatem

10 2354 13 2419 ζ
58 2365 128 2408 rere
146 2343 424 2421 Aristotcleamwp:
446 2362 544 2426 neque
566 2364 602 2406 ex
620 2347 755 2406 locorum
778 2343 1037 2426 quorumdamu),
1063 2365 1138 2426 quos
1159 2346 1258 2407 Eude-

10 2440 12 2449 '
58 2451 123 2495 mus
141 2433 175 2494 iu
197 2432 261 2494 aliis
281 2432 363 2494 libris
382 2433 555 2495 Ethicorum
581 2451 704 2493 suorum
723 2433 760 2494 ob
784 2433 886 2493 oculos
910 2433 1028 2508 babuit,
1056 2433 1257 2506 similitudine,

58 2518 185 2583 Eudemi
210 2521 291 2581 bunc
320 2538 387 2581 esse
417 2520 526 2581 librum
548 2519 686 2589 concludi
711 2519 796 2580 lieet:
826 2537 895 2579 nam
916 2520 1009 2582 multa
1035 2540 1071 2581 ex
1092 2519 1258 2584 Aristotelis

58 2607 177 2688 scriptis
198 2607 235 2668 ab
257 2606 390 2668 Eudemo
412 2606 553 2667 translata
572 2625 647 2679 esse,
670 2624 760 2686 supra
781 2605 907 2667 vidimus
917 2603 968 2687 ⁷⁵).

11 2754 16 2761 ,
143 2693 182 2754 dt
203 2693 303 2754 valent
329 2695 404 2755 baec
424 2694 629 2755 tantummodo
659 2693 696 2754 de
721 2692 789 2754 libri
809 2694 838 2750 A
860 2693 1004 2772 capitibus
1036 2687 1172 2754 1-14:
1202 2694 1258 2755 alia

59 2789 102 2843 est
130 2779 207 2842 ratio
235 2780 337 2862 capitis
368 2780 455 2842 huius
482 2780 549 2841 libri
579 2780 672 2859 quinti
698 2779 820 2852 decimi,
853 2781 932 2858 quod
962 2788 1050 2862 caput
1072 2800 1126 2842 cur
1148 2781 1257 2843 Etbicis

10 2870 13 2953 ᾖ
57 2867 260 2930 Nicomacheis
280 2868 510 2930 abiudieaudum
540 2875 570 2928 et
595 2867 695 2947 potius
723 2867 759 2927 ad
782 2865 883 2927 Etbica
903 2867 1045 2929 Eudemia
1073 2869 1258 2930 transteren-

59 2955 130 3017 dum
151 2961 240 3034 atque
261 2955 329 3016 libri
350 2958 379 3014 A
400 2955 437 3016 ab
458 2954 592 3015 Eudemo
612 2955 649 3015 de
670 2954 779 3015 iustitia
808 2953 912 3033 scripti
934 2955 1132 3033 fragmentum
1155 2955 1258 3017 dioen-

59 3041 131 3105 dum
146 3041 195 3115 sit,
217 3041 288 3102 satis
307 3061 337 3122 p.
356 3036 429 3116 120,
447 3041 516 3103 adn.
539 3036 668 3101 4-121
694 3040 915 3102 demonstrasse
936 3041 1023 3102 nobis
1044 3041 1188 3103 videmur.

91 3244 139 3308 711)
157 3242 223 3295 Vide
239 3245 373 3312 superiore
393 3262 419 3313 p.
441 3244 540 3297 XXXl.
673 3242 721 3294 τοῦ
740 3240 772 3294 ἐν
788 3240 825 3308 τῷ
837 3242 956 3310 πέμπτῳ
977 3242 1032 3294 τῶν
1045 3238 1171 3293 Ἠθικῶν
1188 3243 1258 3313 elop-

92 3313 142 3380 ⁷1)
160 3311 226 3364 Vide
244 3313 342 3380 plot,
358 3315 463 3370 edo.32
481 3314 646 3365 coutraZel-
670 3313 759 3379 μένου
784 3307 1014 3400 ἀναμνησθῆναι,
1043 3306 1113 3381 ὅπερ
1139 3310 1198 3364 ἐστὶ
1225 3309 1256 3365 τὸ

58 3382 141 3434 lerum
161 3383 187 3433 d.
208 3381 274 3433 rtet.
292 3385 339 3435 der
361 3384 486 3435 Griecbeu
506 3385 529 3432 ll
547 3399 570 3449 p.
586 3385 643 3438 520,
672 3375 738 3430 ἄλλο
756 3379 810 3448 μὲν
824 3395 895 3433 ειναι
913 3379 943 3431 τὸ
958 3375 1042 3449 φύσει
1053 3379 1171 3442 δίκαιον,
1188 3376 1257 3435 dcto

91 3450 139 3514 72)
157 3448 224 3501 Vide
242 3466 268 3516 p.
279 3450 323 3516 93,
344 3452 403 3502 udo.
418 3452 461 3503 28.
486 3445 596 3502 Pauscb.
613 3453 644 3502 de
671 3448 704 3500 dl·
719 3449 748 3500 τὸ
767 3445 836 3500 κατὰ
854 3440 941 3508 δόξαν
957 3450 1005 3501 τοῦ
1019 3453 1171 3519 κρίναντος,
1190 3445 1257 3503 cillo

57 3517 119 3575 Etlr.
136 3516 197 3570 llic.
215 3534 241 3586 p.
259 3519 303 3575 21.
326 3547 358 3558 -
384 3517 442 3570 Etb.
463 3519 528 3571 Eud.
554 3534 579 3583 p.
599 3520 642 3585 94,
671 3517 703 3569 di
722 3514 752 3569 τὸ
777 3515 846 3568 κατὰ
870 3515 920 3583 τὴν
944 3512 1070 3579 διάταξιν
1093 3519 1142 3572 τοῦ
1168 3513 1257 3590 νόμον

57 3588 118 3643 adn.
133 3587 174 3638 19.
192 3615 223 3626 -
243 3587 594 3657 p.100,cdc.32(p.101).
612 3619 641 3630 -
670 3588 837 3651 περανωθέν.
893 3609 903 3631 κ

58 3672 83 3722 p.
104 3656 166 3720 tob,
188 3655 248 3706 adu.
270 3656 313 3710 35.
348 3655 418 3707 Nihil
442 3659 528 3709 tribuo
548 3657 643 3707 talibus
705 3657 749 3720 ⁷3)
767 3653 834 3706 Vide
854 3670 879 3705 e.
899 3670 938 3719 gr.
958 3672 984 3725 p.
1004 3656 1053 3723 90,
1080 3658 1140 3714 edu.
1158 3660 1202 3714 28.
1221 3687 1256 3699 -

56 3723 222 3786 testimoniis,
241 3725 316 3789 quale
330 3732 370 3775 est
386 3740 410 3775 e.
424 3741 463 3790 gr.
473 3726 549 3776 Alex.
563 3724 643 3792 Apbr.
671 3740 696 3790 p.
716 3725 760 3788 92,
778 3724 812 3778 24
830 3730 882 3775 cet.

57 3793 88 3843 ed
106 3793 190 3844 Arist.
209 3792 288 3857 Sepb.
308 3792 416 3844 Eleneb.
444 3795 470 3845 io
489 3794 576 3845 Scbol.
596 3793 641 3844 Ar.
705 3792 749 3858 74)
768 3791 834 3843 Vide
849 3807 922 3856 egr.
942 3807 967 3858 p.
981 3793 1040 3859 102,
1054 3794 1097 3850 32.
1109 3821 1140 3834 -
1158 3811 1183 3861 p.
1196 3795 1254 3860 110,

57 3858 645 3930 ρ.317,ο,23111.χρεο1ν6’ἰστὶπρὸς
670 3861 713 3916 27.
731 3891 765 3903 -
803 3897 809 3912 .
832 3861 890 3926 116,
908 3862 951 3916 23.
974 3889 1003 3900 -

56 3922 216 3997 σαφήνειαν
247 3924 385 4000 πρότερον
415 3930 463 3982 τοῦ
492 3931 644 3999 λεγομένου
704 3929 749 3997 75)
769 3877 833 3983 Vide
853 3946 877 3998 p.
895 3930 978 3978 XXX
998 3936 1024 3981 et
1045 3947 1069 3998 p.
1091 3930 1189 3981 Xl'lll.
