2776 4836
88 436 275 496 reuomentem
298 427 358 501 liet,
379 445 470 507 quum
487 434 571 488 recte
592 445 625 487 se
644 424 693 488 illa
710 425 821 486 babere
839 424 1038 497 docuerimus,
1061 444 1138 504 quae
1158 425 1289 487 videntur
1333 418 1338 455 i

177 535 243 577 esse
266 515 428 576 contraria:
457 514 583 575 maxime
605 514 683 574 enim
704 511 848 574 eiusmodi
870 511 944 572 ratio
967 530 1033 572 cum
1055 531 1089 573 re
1114 531 1149 574 ac
1173 514 1287 574 veritate
1321 534 1326 563 r

176 609 328 681 congruet.
373 601 502 662 Manebit
520 608 617 662 autem
637 599 843 680 repugnantia,
866 598 891 659 si
910 599 1126 679 quadamtenus
1149 601 1192 673 id,
1218 602 1287 680 quod
1321 602 1327 715 Ι

177 690 291 762 dicitur,
315 707 418 749 verum
441 696 495 761 est,
520 688 733 768 quadamtenus
752 704 855 747 verram
874 693 1011 746 nonest.

259 776 318 837 Sed
341 775 497 854 ambigitur
519 776 622 847 etiam,
647 782 747 836 utrum
769 774 815 847 id,
839 773 918 851 quod
940 773 1105 835 iucundum
1123 774 1174 847 sit,
1198 793 1234 834 an
1254 775 1288 846 id,
1323 762 1328 853 ξ

131 878 158 922 ac
177 863 257 942 quod
278 864 392 924 bonum
415 863 469 935 sit,
492 863 565 924 illud
592 863 647 934 sit,
673 862 752 941 quod
778 868 902 922 ametur.
944 859 1017 921 Nam
1040 861 1065 921 si
1093 861 1124 922 id
1150 880 1289 933 amamus,
1323 858 1328 1011 Ι

176 950 256 1030 quod
292 949 514 1023 desideramus,
552 949 641 1028 idque
674 948 767 1010 amori
784 948 934 1008 ¹Venereo
971 947 1097 1008 maxime
1134 949 1288 1029 proprium
1323 1018 1328 1095 Ι

183 1046 236 1098 est:
261 1055 329 1098 nam
1261 1081 1266 1088 ι

294 1123 379 1196 „Nou
397 1136 438 1185 est
455 1136 580 1194 durator,
604 1128 686 1185 maios
710 1135 752 1184 eat
775 1138 894 1184 ceoeoua
918 1128 1055 1183 omor:“
1325 1100 1328 1139 ¹

178 1208 323 1292 cupiditas
346 1219 444 1272 autem
464 1229 586 1292 semper
604 1211 642 1272 ad
660 1211 701 1283 id,
722 1211 802 1292 quod
824 1210 986 1270 iucundum
1006 1209 1160 1284 videatur,
1186 1212 1291 1272 fertur:

177 1301 232 1361 bac
251 1299 369 1379 quidem
388 1298 503 1359 ratione
526 1298 650 1360 amabile
673 1299 729 1359 erit
749 1297 789 1370 id,
811 1297 890 1377 quod
910 1301 955 1357 est
969 1296 1150 1358 iucundum:
1180 1298 1227 1359 sin
1244 1317 1291 1359 au-

177 1395 236 1447 tem
254 1404 386 1447 amamus
404 1385 444 1457 id,
466 1386 545 1463 quod
563 1386 709 1459 volumus,
726 1383 851 1446 amabile
868 1382 924 1445 erit
941 1383 981 1456 id,
1001 1384 1082 1464 quod
1100 1391 1146 1446 est
1163 1385 1290 1447 bonum:

176 1483 205 1534 at
227 1473 388 1535 iucundum
412 1481 442 1534 et
459 1473 572 1533 bonum
595 1473 710 1534 diversa
729 1480 808 1533 sunt.
1325 1474 1331 1527 t

263 1558 305 1620 lle
328 1560 373 1621 bis
395 1559 485 1640 igitur
509 1566 538 1620 et
560 1560 597 1620 de
621 1560 743 1640 reliquis
766 1576 833 1620 cum
859 1559 904 1620 bis
929 1558 1061 1637 cognatis
1083 1557 1172 1620 nobis
1194 1559 1292 1620 dicen-

133 1664 160 1707 ω
182 1649 252 1709 aum
279 1653 325 1707 est
354 1648 389 1708 aa
412 1647 457 1708 aa
488 1647 643 1727 principiis
681 1646 874 1708 orarenoous.
928 1645 1049 1706 scilicet
1082 1646 1163 1726 quoa
1203 1665 1293 1726 appe·
1325 1608 1332 1671 ⁸

178 1735 265 1796 fimus
294 1742 323 1795 et
350 1735 503 1807 volumus,
534 1734 564 1794 id
591 1742 641 1795 aut
670 1735 783 1795 bonum
807 1751 876 1794 vere
900 1741 961 1805 est,
989 1740 1040 1794 aut
1062 1732 1191 1814 aliquid,
1216 1735 1292 1812 quod

178 1822 292 1888 bonum
319 1840 384 1882 esse
414 1821 539 1881 videtur.
582 1821 666 1882 llanc
694 1823 733 1883 ob
761 1838 880 1882 causam
901 1820 1055 1894 etiamid,
1086 1821 1170 1901 quod
1190 1820 1293 1883 iucun-

180 1911 249 1970 dum
274 1919 334 1981 est,
358 1908 542 1988 appetimus:
571 1928 639 1969 nam
663 1908 743 1990 quod
769 1909 931 1969 iucundum
955 1915 1016 1980 est,
1045 1907 1076 1968 id
1103 1914 1149 1968 est
1176 1908 1292 1989 aliquid,

179 1996 258 2075 quod
279 1996 414 2057 videatur
431 2014 496 2056 esse
513 1996 636 2057 bouum.
668 1996 740 2058 aliis
758 1995 836 2056 euim
853 1996 966 2057 bouum
984 1994 1103 2056 videtur
1122 1995 1292 2076 opinatione

181 2085 308 2164 quadam
326 2083 425 2144 animo
448 2090 603 2162 concepta,
624 2083 687 2145 aliis
710 2082 919 2162 imaginatione
928 2118 939 2155 ,-
960 2082 1091 2162 quamuis
1114 2101 1178 2144 non
1195 2084 1293 2145 videa·
1332 2100 1334 2107 ·

179 2176 228 2233 tur
246 2170 433 2250 opinatione:
460 2189 558 2250 neque
581 2171 659 2232 euim
682 2171 713 2231 in
733 2171 838 2232 eadem
853 2169 943 2231 animi
962 2169 1101 2231 facultate
1122 2170 1292 2250 imaginatio

180 2266 267 2337 atque
292 2258 423 2337 opinatio
447 2266 500 2319 cst.
537 2258 640 2338 ltaque
663 2267 692 2318 et
712 2259 758 2331 id,
782 2258 863 2337 quod
884 2256 996 2318 bonum
1017 2257 1070 2330 sit,
1091 2264 1122 2318 et
1140 2258 1192 2332 id,
1217 2261 1293 2340 quod

134 2355 161 2399 ao
178 2345 339 2405 iucundum
358 2345 405 2418 sit,
426 2345 516 2405 amari
539 2364 638 2425 posse,
657 2346 845 2407 manifestum
869 2353 923 2406 est.

262 2431 314 2491 llis
344 2432 502 2505 distinctis,
535 2433 701 2494 boeotiam
728 2451 883 2513 ponamus.
926 2431 1008 2492 llona
1030 2432 1139 2512 partim
1158 2433 1293 2495 absolute
1333 2388 1338 2513 i

179 2518 257 2580 bona
276 2525 361 2591 sunt,
392 2521 499 2598 partim
521 2520 623 2593 alicui,
647 2521 783 2582 sednon
807 2521 956 2581 absolute:
986 2526 1016 2580 et
1036 2520 1140 2581 eadem
1158 2521 1293 2583 absolute
1321 2533 1325 2543 ‘

181 2606 260 2666 bona
279 2615 309 2666 et
326 2605 461 2667 absolute
483 2607 611 2667 iucunda
633 2615 711 2668 sunt.
751 2607 823 2668 Nam
847 2626 922 2687 quae
945 2624 1018 2666 sano
1038 2607 1159 2688 corpori
1180 2610 1294 2670 condu-

181 2700 260 2765 cunt,
280 2693 353 2753 baec
375 2693 499 2760 dicimus
518 2695 653 2756 absolute
678 2713 743 2755 esse
767 2696 888 2774 corpori
903 2695 999 2755 bona:
1026 2712 1101 2774 quae
1123 2701 1224 2756 autem
1246 2715 1294 2757 ae-

181 2787 266 2857 groto
290 2780 408 2860 corpori
430 2781 508 2841 bona
531 2792 616 2857 sunt,
647 2783 720 2843 baec
746 2781 866 2861 corpori
888 2781 1022 2842 absolute
1043 2782 1123 2850 bona
1146 2801 1293 2844 essenon
1336 2854 1338 2875 ι

135 2867 323 2939 audicimus,
354 2868 481 2948 exempli
504 2869 595 2946 gratia
618 2869 819 2930 remediorum
840 2869 1035 2930 adhibitiones
1065 2877 1094 2930 et
1117 2872 1294 2952 amputatio-

180 2974 243 3017 nes.
291 2955 431 3016 Similiter
451 2956 537 3017 etiam
561 2975 593 3016 ea
618 2956 737 3036 corpori
761 2956 895 3019 absolute
916 2956 1044 3017 iucunda
1071 2974 1138 3019 esse
1161 2959 1294 3031 dicimus,

182 3050 347 3122 quaesunt
376 3061 448 3103 sano
475 3043 602 3104 iucunda
632 3052 660 3104 et
687 3044 821 3122 integro,
853 3043 981 3123 exempli
1005 3043 1095 3122 gratia
1122 3062 1248 3107 cernere
1266 3046 1293 3105 in

181 3130 247 3190 luce
270 3129 356 3202 clara,
379 3149 440 3190 nun
461 3149 585 3192 cernere
604 3131 633 3191 in
658 3131 804 3192 diluculo:
825 3148 1001 3210 quamquam
1022 3131 1160 3211 lippienti
1178 3141 1294 3194 contra-

180 3217 257 3277 rium
279 3216 440 3278 iucundum
469 3226 528 3285 est:
560 3225 589 3278 et
617 3218 716 3279 vinum
744 3219 858 3279 dulcius
885 3227 1012 3278 estnon
1036 3219 1110 3291 boo,
1141 3220 1225 3300 quod
1245 3220 1293 3290 illi,

182 3303 263 3363 cuius
286 3312 426 3383 corrupta
455 3325 510 3385 per
535 3305 725 3366 vinolentiam
748 3305 846 3384 lingua
870 3313 931 3379 est,
963 3305 1049 3366 dulce
1071 3305 1193 3368 videtur
1216 3307 1292 3386 (nam

180 3409 218 3451 ne
242 3399 358 3451 acetum
379 3392 498 3471 quidem
521 3394 646 3453 allusum
664 3392 809 3469 eiusmodi
823 3393 959 3454 homines
977 3393 1133 3471 sentiunt),
1155 3395 1212 3456 sed
1229 3395 1292 3465 boc,

50 3540 53 3547 ,
94 3478 261 3556 remaquod
281 3477 472 3557 incorruptae
491 3479 608 3557 linguae
627 3480 685 3540 tale
706 3480 831 3541 videtur.
875 3479 1016 3540 Similiter
1033 3498 1082 3541 res
1105 3498 1139 3541 se
1155 3482 1248 3543 babet
1265 3482 1292 3541 in

182 3564 296 3625 animo:
320 3585 417 3645 neque
441 3585 483 3638 ea,
507 3586 581 3646 quae
606 3567 707 3646 pueris
731 3575 760 3627 et
781 3567 883 3628 bestiis
906 3567 986 3628 bona
1008 3567 1054 3627 vel
1076 3559 1294 3630 iucunda‘esse

181 3651 335 3724 videntur,
367 3653 420 3712 sed
444 3671 494 3724 ea,
530 3672 604 3731 quae
635 3654 797 3714 constantis
820 3655 878 3714 iarn
905 3654 1009 3714 aetatis
1037 3654 1209 3717 bominibus
1231 3656 1295 3717 talia

181 3737 334 3812 videntur,
358 3757 427 3800 vere
446 3740 523 3800 bona
546 3741 592 3800 vel
621 3742 746 3801 iucunda
769 3742 971 3821 appellamus:
997 3759 1066 3802 nam
1089 3742 1183 3816 baec,
1213 3752 1294 3804 utro-

182 3843 306 3902 rumque
326 3826 444 3905 quidem
466 3846 624 3899 memores,
647 3829 799 3908 sequimur
820 3836 850 3889 et
873 3829 1046 3909 expetimus.
1092 3829 1293 3902 Quemadmo-

182 3912 252 3972 dum
277 3921 374 3974 autem
401 3933 478 3994 puer
505 3922 534 3974 et
558 3915 651 3975 bestia
674 3934 706 3976 se
736 3916 825 3978 babet
848 3917 884 3976 ad
906 3916 1074 3989 hominem,
1103 3917 1163 3977 boc
1194 3919 1294 3980 estad
1335 3911 1338 4041 ι

181 3995 342 4060 constantis
367 4001 425 4062 iam
455 4002 557 4062 aetatis
584 4002 753 4064 hominem:
785 4004 824 4063 ita
854 4022 886 4064 se
909 4004 997 4064 babet
1018 4004 1108 4064 bomo
1134 4022 1246 4084 pravus
1268 4013 1294 4066 et
1335 4046 1338 4059 .

148 4086 306 4146 astolidus
337 4089 373 4148 ad
400 4089 493 4149 virum
516 4091 675 4151 honestum
699 4098 727 4151 et
748 4092 936 4170 prudentem.
988 4091 1040 4152 llis
1069 4097 1170 4153 autem
1197 4112 1233 4154 ea
1254 4094 1294 4154 iu·
1335 4146 1338 4180 ι

181 4173 276 4234 cunda
295 4183 372 4246 sunt,
393 4194 467 4254 quae
488 4195 554 4237 cum
577 4179 638 4238 suis
660 4177 806 4238 habitibus
830 4184 1013 4257 congruunt:
1032 4177 1111 4257 atqui
1133 4179 1212 4242 baec
1230 4188 1294 4242 sunt
1334 4197 1338 4308 Ι

180 4260 257 4321 bona
280 4269 368 4340 atque
389 4263 522 4324 honesta.

266 4348 411 4420 Quoniam
433 4350 522 4427 igitur
540 4352 650 4412 bonum
673 4352 808 4432 pluribus
831 4353 928 4412 modis
950 4353 1057 4415 dicitur
1085 4353 1180 4433 (aliud
1208 4356 1294 4427 enim,
1336 4336 1338 4448 i

181 4433 248 4510 quia
269 4435 327 4495 tale
354 4442 415 4506 est,
447 4438 532 4515 quale
556 4446 617 4510 est,
645 4441 756 4502 bonurn
783 4439 925 4503 dicimus:
956 4440 1052 4514 aliud,
1084 4442 1153 4524 cruia
1175 4442 1250 4507 utile
1271 4450 1296 4505 et

87 232 166 314 alo
620 232 697 306 Vll.
725 236 760 307 2.
