2784 4838
92 220 172 305 304
632 226 690 299 lll.
718 221 753 301 5.

95 416 314 497 rmnpretiosa
336 424 366 477 et
387 415 588 489 honorabilia,
613 417 727 497 aliaque
749 434 854 479 revera
878 434 1002 496 magula,
1023 416 1081 477 alia
1108 433 1205 496 parva
1225 416 1295 477 sint:

134 520 163 563 ao
181 523 332 584 quumque
351 505 504 576 nonnulli,
535 506 646 585 quibis
665 506 753 568 bonis
775 502 855 585 digni
878 514 965 578 sunt,
995 522 1063 565 sese
1083 504 1177 565 etiarn
1195 503 1294 583 dignos

180 593 326 654 iudicant:
355 593 385 653 in
408 593 453 654 his
475 593 664 673 quaerendus
693 602 739 655 est
760 594 805 656 uir
826 592 1041 671 magnanimus.
1085 590 1172 655 llaec
1200 600 1293 653 autem

181 680 322 742 dilleruut
344 689 484 760 quattuor
500 681 606 741 modis.
649 680 722 742 Nam
744 690 790 743 est
812 689 845 741 ut
867 681 973 760 dignus
991 680 1034 741 sis
1051 680 1188 759 magnis,
1210 688 1292 760 atque

181 776 210 828 te
235 769 300 848 ipse
324 768 368 829 his
396 769 518 845 dignum
538 787 678 829 censeas:
709 776 756 831 ost
781 778 813 830 ut
835 768 934 849 parvis
961 768 1003 829 sis
1025 767 1136 847 dignus
1159 776 1249 849 atque
1267 775 1292 828 te

180 856 226 917 bis
245 856 366 934 dignum
389 876 455 917 esse
474 856 642 917 arbitreris:
663 864 709 918 est
726 876 797 917 vero
820 857 907 918 etiam
926 862 959 917 ut
980 855 1168 918 eontrarium
1187 856 1292 919 utrius·

180 962 237 1022 que
260 944 392 1005 eveniat:
421 963 489 1006 nam
517 952 615 1025 potest
644 945 729 1006 etiam
759 945 864 1023 aliquis
886 964 953 1007 esse
980 943 1065 1017 talis,
1099 943 1171 1025 qui,
1205 963 1291 1025 quum
1322 900 1329 1032 Ι

134 1043 162 1085 as
183 1031 281 1111 parvis
302 1030 408 1109 dignus
426 1032 473 1104 sit,
493 1032 607 1111 maguis
626 1052 658 1093 se
676 1033 797 1113 dignum
815 1032 934 1105 iudicet,
953 1050 1045 1111 quum
1065 1032 1210 1093 debonis
1227 1051 1290 1113 pre·
1322 1046 1327 1141 Ι

178 1118 263 1181 tiosis
291 1119 403 1196 agitur:
433 1120 507 1182 alius
523 1138 612 1191 vero,
644 1120 694 1199 qui
716 1120 822 1199 dignus
838 1119 877 1181 sit
895 1120 1026 1199 magnis,
1048 1120 1180 1181 tortasse
1197 1120 1289 1200 parvis

179 1226 212 1267 se
241 1206 307 1287 ipse
330 1215 450 1269 censeat
472 1208 605 1287 dignum.
652 1207 709 1281 Qui
734 1208 841 1287 igitur,
865 1207 963 1288 parvis
994 1225 1087 1287 quum
1116 1208 1227 1287 dignus
1247 1209 1288 1281 sit,

179 1303 278 1356 nmen
298 1296 412 1373 magnis
432 1315 466 1357 se
488 1296 609 1375 dignum
631 1296 757 1369 iudicat,
786 1296 812 1357 is
830 1296 1044 1375 vituperandus
1063 1303 1125 1357 est:
1154 1314 1225 1357 nam
1248 1296 1290 1357 in·
1321 1320 1326 1333 ·

179 1390 282 1462 eptunr
310 1390 356 1443 est
379 1392 406 1444 et
432 1402 493 1445 uon
519 1386 693 1457 honestum,
727 1393 847 1465 praeter
873 1383 1047 1462 dignitatem
1077 1383 1168 1445 alieui
1184 1383 1289 1463 aliquid
1319 1336 1325 1465 Ι

178 1469 297 1532 deterri.
341 1470 415 1532 ltom
433 1470 646 1554 vituperandus
664 1479 719 1544 est,
735 1472 918 1551 ouh-dignus
935 1490 1027 1551 quum
1043 1469 1084 1533 sit
1102 1471 1224 1533 bonore
1241 1472 1290 1533 de

90 1559 253 1631 renudato,
284 1558 364 1620 huuo
382 1569 481 1621 tamen
504 1569 665 1621 aversetur.
716 1560 817 1621 Restat
844 1560 960 1639 utrique
990 1560 1101 1621 horum
1127 1560 1291 1622 contrarius

175 1647 243 1719 ille,
265 1647 333 1725 qui,
357 1666 446 1726 quum
470 1647 576 1727 dignus
600 1648 639 1709 sit
659 1648 789 1727 magnis,
819 1647 885 1727 ipse
911 1665 1030 1727 quoque
1053 1666 1087 1709 se
1109 1646 1158 1709 bis
1180 1648 1291 1728 magnis

179 1741 301 1796 censeat
323 1735 455 1814 dignum,
475 1744 505 1797 et
526 1736 575 1815 qui
598 1756 642 1809 ea,
662 1736 769 1816 quibus
792 1735 898 1813 diguus
920 1743 974 1809 ost,
995 1734 1084 1797 etiam
1106 1742 1202 1815 petat.
1241 1736 1290 1797 llio
1319 1734 1326 1779 '¹

177 1840 249 1883 vero
271 1823 424 1885 laudabilis
447 1831 477 1885 et
499 1824 661 1885 interillos
681 1824 797 1885 medius
817 1830 871 1884 est

259 1911 358 1984 Quum
383 1911 472 1989 igitur
500 1912 530 1974 in
556 1912 679 1973 honoris
706 1912 948 1991 reliquorumque
968 1911 1119 1973 bonorum
1143 1912 1289 1993 pretioso·
1320 1910 1328 1951 ³

145 2012 244 2059 orum
273 2018 309 2059 ae
336 2000 556 2061 honorabilium
586 2000 770 2083 appetitione
798 2007 827 2060 et
854 2018 911 2060 usu
943 2000 1074 2078 optimus
1103 1998 1227 2062 habitus
1257 2000 1289 2061 sit

177 2085 266 2147 animi
288 2087 470 2165 magnitudo,
491 2106 640 2169 quumque
661 2088 690 2147 in
712 2087 768 2160 his,
790 2105 888 2165 neque
910 2086 1030 2147 veroin
1052 2086 1146 2149 rebus
1162 2088 1289 2163 utilibus,

175 2172 327 2236 hominem
349 2176 570 2253 magnanimum
590 2184 766 2255 occupatum
783 2193 850 2236 esse
869 2174 1011 2247 dieamus,
1033 2192 1190 2255 quumque
1207 2177 1289 2239 simul

176 2265 251 2325 haec
269 2262 458 2325 mediocritas
475 2264 563 2326 laude
584 2264 753 2343 dignissima
776 2262 829 2324 sit:
856 2269 982 2343 apparet
1003 2262 1091 2323 etiarn
1118 2264 1213 2325 animi
1231 2285 1288 2327 ma·

177 2350 360 2431 gnitudinem
377 2370 442 2414 esse
457 2352 700 2414 mediocritatem.
736 2352 823 2424 Quod
839 2359 939 2412 autem
959 2349 1064 2411 attinet
1077 2348 1115 2411 ad
1133 2354 1287 2427 conharia,
1323 2362 1327 2385 ²

134 2449 159 2493 ¹⁰
175 2438 292 2502 habitus
315 2439 391 2514 eius,
420 2440 469 2521 qui
493 2440 614 2517 dignum
634 2460 667 2501 se
694 2447 796 2501 eeuset
814 2439 902 2501 bonis
919 2438 1050 2518 magnis;
1078 2457 1173 2518 quum
1195 2448 1288 2505 tamen
1321 2400 1325 2501 i

176 2528 222 2589 his
244 2527 383 2605 indignus
405 2529 452 2601 sit,
475 2527 562 2589 elatio
585 2528 673 2588 animi
695 2547 729 2589 ao
746 2528 886 2607 superbia
906 2527 1029 2589 dieitur:
1050 2548 1121 2591 nam
1141 2529 1240 2593 elatos
1260 2551 1288 2593 ar

175 2616 323 2695 superbos
342 2616 528 2697 appellamus
557 2635 626 2689 eos,
658 2616 707 2695 qui
724 2616 838 2695 magnis
860 2635 893 2677 se
916 2623 1022 2695 putant
1042 2618 1170 2697 dignos,
1203 2638 1287 2701 quun

176 2704 236 2765 sint
256 2703 380 2781 indigni.
425 2705 534 2765 Contra
555 2704 672 2766 babitus
690 2704 762 2777 eius,
783 2705 842 2784 qui,
866 2722 956 2783 quum
979 2702 1017 2764 sit
1035 2706 1144 2785 dignus
1166 2709 1287 2788 magnis,

175 2811 236 2853 non
260 2801 362 2853 censet
388 2810 421 2851 se
451 2792 589 2871 dignum,
618 2792 765 2853 humilitas
790 2802 835 2854 est
862 2792 952 2854 animi
978 2798 1009 2852 et
1032 2792 1194 2856 demissio:
1226 2814 1287 2858 narn
1324 2816 1328 2825 ·

176 2879 294 2941 humilis
311 2887 342 2939 et
362 2878 482 2942 demissi
497 2880 586 2941 animi
605 2888 659 2952 est,
684 2899 774 2959 quum
797 2881 915 2953 habeas,
935 2880 973 2942 ob
1000 2899 1075 2959 quae
1095 2881 1164 2944 iure
1186 2883 1287 2963 dignus

145 2967 333 3041 aiuuicoris,
361 2987 422 3029 uon
450 2975 547 3029 tarnen
578 2987 703 3029 oensere
730 2976 760 3028 te
780 2968 910 3047 dignum.
951 2967 993 3028 Ex
1016 2970 1240 3049 quosequitur
1260 2979 1288 3033 ut

176 3056 347 3134 magnit-udo
370 3056 460 3117 auimi
487 3056 675 3118 mediocritas
701 3056 739 3116 sit
760 3054 840 3118 inter
861 3056 949 3118 animi
968 3056 1108 3117 stolidam
1131 3058 1287 3121 elationem
1320 3107 1325 3115 .

176 3153 205 3205 et
222 3143 310 3204 animi
326 3144 519 3205 humilitatem
543 3151 572 3205 et
588 3144 807 3206 demissionem.
845 3144 904 3205 Sed
925 3151 1048 3223 quartus
1065 3143 1201 3219 illorum,
1219 3164 1286 3228 quos
1319 3120 1328 3244 1

176 3231 377 3302 distinximus,
404 3250 503 3310 neque
525 3251 650 3311 prorsus
676 3232 888 3312 vituperandus
916 3251 1013 3311 neque
1039 3250 1112 3293 vero
1135 3234 1286 3315 magnani-

174 3339 241 3381 mus
268 3318 410 3380 direndus
441 3327 501 3391 est,
530 3340 620 3398 rprruu
642 3339 703 3381 nou
731 3319 761 3379 in
783 3340 832 3393 re,
864 3339 938 3400 quae
957 3319 1056 3399 magni
1077 3323 1228 3385 momenti
1246 3322 1285 3389 sil
1319 3282 1328 3395 Ι

175 3413 321 3468 versetur.
363 3406 435 3467 Nam
458 3426 556 3487 neque
583 3408 689 3486 dignus
717 3415 761 3467 est
783 3427 881 3487 neque
903 3406 1024 3485 dignum
1046 3426 1080 3468 se
1101 3410 1224 3489 magnis
1242 3430 1286 3472 er·

174 3496 299 3557 istimat:
329 3514 419 3574 quaro
449 3514 510 3556 non
540 3504 585 3556 est
615 3494 790 3556 contrarius.
851 3496 1035 3575 Quamquam
1060 3494 1202 3560 videatur
1228 3518 1286 3560 esse

129 3590 156 3635 2⁰
177 3582 366 3654 eontrarium,
390 3583 505 3661 maguis
527 3584 648 3662 dignum
665 3601 788 3644 censere
808 3602 841 3643 se
859 3583 973 3661 magnis
991 3582 1123 3662 dignum,
1143 3592 1175 3647 et
1191 3586 1285 3667 parvis

88 3702 90 3707 ·
175 3672 295 3750 dignum
317 3688 439 3732 censere
460 3690 492 3732 se
513 3672 611 3751 parvis
632 3671 762 3749 dignum.
799 3672 901 3751 Neque
920 3679 1019 3731 tanuen
1034 3670 1102 3731 talis
1118 3672 1213 3735 bomo
1229 3674 1285 3735 viro

174 3759 362 3838 magnanimo
382 3759 546 3819 corrtrarius
568 3766 629 3831 est,
655 3778 753 3837 neque
784 3758 937 3839 quisquam
968 3778 1036 3820 eum
1058 3762 1285 3839 reprebenden-

176 3849 246 3909 dum
270 3846 390 3907 dixerit:
413 3866 540 3926 namque
562 3848 611 3918 ita,
629 3855 660 3907 ut
682 3846 756 3907 ratio
775 3847 866 3917 iubet,
890 3866 957 3908 sese
978 3846 1083 3908 habet:
1103 3865 1208 3929 nequo
1227 3849 1286 3911 talis

174 3937 263 3998 homo
283 3938 387 3996 natura
412 3936 510 3996 aviro
532 3935 720 4014 magnanimo
744 3934 878 3996 diversus
902 3941 960 3996 est:
989 3952 1057 3995 nam
1078 3942 1211 4018 uterque
1233 3955 1285 4017 quo

176 4024 282 4102 diguus
307 4033 368 4096 est,
397 4024 454 4085 hoe
479 4043 546 4083 sese
577 4023 698 4099 dignum
724 4022 841 4083 iudicat.
899 4023 995 4103 Atque
1025 4041 1061 4083 ex
1088 4023 1140 4084 tali
1169 4025 1286 4087 bomine

174 4112 285 4191 poterit
308 4112 394 4173 etiam
418 4111 482 4172 lieri
512 4112 601 4172 homo
624 4110 846 4188 magnanimus:
876 4130 944 4171 nam
975 4110 1080 4190 quibus
1101 4111 1214 4191 dignus
1237 4120 1285 4184 est,

128 4217 155 4259 aa
173 4200 218 4260 his
236 4219 356 4278 semper
376 4217 442 4259 sose
460 4198 580 4276 dignum
603 4198 744 4259 censebit.
780 4198 888 4259 Contra
905 4198 995 4259 bomo
1016 4198 1133 4260 minuto
1149 4207 1182 4262 et
1200 4220 1286 4282 parvo
1318 4190 1327 4299 Ι

172 4287 287 4360 animo,
311 4287 377 4365 qui,
397 4305 489 4366 qurum
511 4287 607 4359 boniS,
632 4287 669 4348 ob
690 4305 765 4366 quae
786 4287 823 4346 ad
843 4288 974 4347 honores
996 4286 1152 4367 adspirare
1177 4298 1286 4371 posset,
1322 4302 1326 4311 '

174 4374 335 4436 instructus
361 4373 407 4445 sit,
430 4393 492 4434 non
514 4382 612 4436 tamen
632 4376 747 4437 honore
770 4392 803 4434 se
826 4373 946 4452 dignum
970 4374 1104 4455 deputat,
1132 4376 1208 4457 quud
1226 4384 1286 4441 tau·

174 4461 242 4528 oleru
261 4462 382 4534 diceret,
403 4461 427 4523 si
450 4463 654 4528 tantummodo
672 4461 770 4547 parvis
789 4468 869 4525 esset
885 4458 1017 4544 dignm?
1038 4462 1114 4527 Nam
1131 4464 1169 4543 si,
1185 4482 1286 4549 magns
