2776 4836
88 162 165 247 did
617 168 698 249 vn.
723 172 763 247 9.

90 372 208 429 inruet
226 362 378 425 inclinatio
400 362 607 442 proficiscitur.
645 362 719 426 Narn
740 380 818 445 opor
839 363 913 435 eiua
936 362 1020 423 actio
1042 370 1078 423 et
1092 364 1273 444 operaa'oet:
1298 402 1348 453 m

178 453 251 513 haec
272 458 371 512 autern
395 470 455 511 non
479 459 561 511 extra
587 460 650 521 est,
674 452 728 513 aed
757 452 876 530 inipso
899 456 1047 523 amante,
1079 450 1156 512 dum
1178 452 1273 531 poteri

178 547 259 600 cntra
282 546 343 599 cat:
373 556 440 599 nam
459 538 533 599 haec
552 547 602 600 aut
624 539 654 600 in
677 540 771 601 attero
794 548 841 599 est
861 545 913 599 aut
931 537 965 598 in
981 536 1058 617 ipno
1081 548 1213 612 amante,
1229 558 1273 618 qu

177 638 265 689 tenua
288 627 414 687 aiterum
441 644 507 687 asne
530 634 659 706 putatur.
703 626 787 688 Hanc
812 625 852 688 ob
878 642 1003 686 camma
1023 642 1134 687 amaro
1155 627 1212 704 [rei
1225 628 1272 687 attia

176 713 305 791 arnandi]
331 721 377 773 est
404 714 549 792 gaudere,
580 723 609 774 at
636 732 697 776 non
719 713 811 773 ornari
833 712 892 790 [roi
914 712 1020 792 pannio
1040 714 1190 792 amandil.
1229 714 1273 775 Nan

179 800 277 881 paceio
306 801 422 861 amandi
453 801 551 861 estin
581 820 615 862 re
637 810 750 871 oruata,
778 808 881 862 contu
902 799 983 861 actio
1008 801 1140 863 amendi
1162 810 1207 863 eat
1226 802 1273 862 atio
1312 845 1336 887 ῃ

178 888 287 950 amoris
310 887 367 965 [roi
390 884 561 966 amicitiam:
591 897 680 969 atque
700 888 777 950 actio
799 887 942 966 competit
963 887 1024 949 auli
1049 888 1214 962 animanti,
1232 878 1292 1003 paq

178 976 223 1036 sio
240 975 327 1036 etiam
346 975 533 1038 inanimanti:
563 993 632 1037 narn
654 984 790 1037 amantur
808 974 895 1035 etiam
912 993 965 1035 ree
985 976 1188 1039 inanimatae.
1221 976 1275 1051 Quo

91 1062 258 1128 neronum
277 1081 349 1123 vero
369 1070 434 1125 actn
458 1081 557 1125 amare
577 1063 650 1126 nihil
669 1063 748 1124 aliud
769 1070 815 1124 est
830 1061 887 1124 nisi
901 1062 946 1123 uti
967 1072 1140 1137 reumata,
1164 1072 1275 1145 quatenu

180 1157 226 1211 cst
242 1159 354 1223 amata,
372 1150 484 1212 amicus
502 1158 600 1213 autem
618 1152 713 1213 amico
735 1169 785 1212 res
801 1158 896 1212 amata
917 1158 984 1221 eat,
1012 1158 1174 1229 quantenus
1192 1159 1232 1213 ert
1247 1168 1276 1211 ca

180 1257 231 1299 rus
255 1246 285 1298 et
305 1238 434 1311 amicus,
463 1257 524 1299 non
548 1246 693 1319 quatenus
714 1247 760 1299 est
780 1237 912 1299 maciem
933 1236 983 1299 rei
1010 1239 1175 1301 medicae:
1196 1238 1276 1301 idcirc

177 1327 313 1406 voluptas
335 1325 400 1397 iiia,
420 1344 495 1406 quac
518 1344 555 1386 ex
572 1326 666 1387 amico
688 1326 869 1407 percipitur,
891 1332 1047 1404 quatenam
1070 1335 1122 1387 eat
1140 1327 1190 1389 hic
1207 1334 1276 1388 certa
1312 1366 1324 1410 q

178 1432 265 1475 carus
287 1421 317 1474 et
336 1413 465 1485 amicus,
485 1414 575 1487 haec,
595 1413 725 1494 iuquam,
747 1414 884 1493 voluptas
902 1430 974 1473 rora
997 1413 1156 1477 amicitiae
1172 1414 1276 1494 voluptas

179 1510 233 1562 ent
275 1500 347 1561 Nam
370 1501 496 1562 amicum
518 1501 627 1582 ipsum,
649 1503 717 1582 quia
739 1502 787 1563 hic
809 1508 909 1562 certua
930 1500 1027 1563 horno
1050 1510 1114 1575 eat,
1136 1511 1221 1575 aaut,
1236 1478 1292 1597 nori

178 1596 356 1669 propterea,
394 1588 461 1668 qnia
491 1588 530 1649 nit
558 1598 713 1668 praetcrea
741 1588 819 1650 atiud
847 1586 990 1666 [exempti
1021 1588 1124 1667 gratia
1153 1589 1293 1664 modost·

180 1678 288 1750 Quare,
307 1676 363 1737 nisi
386 1676 548 1736 alciectatnr
565 1677 659 1737 amico
681 1684 853 1756 propterea,
871 1674 951 1754 quod
974 1674 1029 1737 illc
1045 1676 1154 1741 boum
1174 1677 1219 1749 ait,
1237 1693 1277 1736 nor

147 1772 226 1825 aest
248 1764 303 1825 ista
322 1763 447 1824 amicitia
470 1763 575 1841 prima.
617 1764 720 1844 Neque
739 1762 834 1826 amori
855 1762 897 1823 illi
920 1760 1047 1825 obstare
1068 1764 1166 1827 dehet
1181 1764 1235 1827 uida
1247 1780 1278 1823 ras

180 1851 308 1923 fortuita,
331 1851 384 1911 sed
403 1850 516 1910 bonum
538 1850 653 1931 ipsum,
676 1851 756 1931 quod
775 1851 807 1913 in
828 1849 922 1912 amico
947 1856 1006 1922 est,
1028 1850 1189 1913 delectare
1206 1850 1277 1912 dedet

181 1938 258 2012 Quid
279 1934 382 1999 enim?
404 1938 428 1999 oi
445 1937 491 1999 cni
513 1938 590 1998 sorte
610 1939 705 2015 gravis
727 1937 850 2001 hirsutis
865 1936 956 2000 cubet
970 1936 1080 1999 hircus
1100 1938 1133 2001 in
1152 1939 1215 2011 etia,
1234 1914 1297 2035 cuti

180 2027 324 2087 namhoc
353 2026 428 2086 nitier
457 2027 583 2086 tortasse
606 2045 667 2087 non
697 2025 774 2086 ruit:
807 2042 876 2086 nam
905 2030 985 2087 amat
1007 2025 1137 2105 quidem
1165 2024 1278 2097 enimi

178 2122 295 2192 spectas
325 2112 582 2181 benevolentiam,
612 2131 668 2193 qna
692 2113 774 2175 illurn
798 2110 1006 2192 prosequitur,
1030 2112 1090 2175 aed
1109 2113 1187 2193 fugit
1206 2080 1348 2205 anaim

178 2200 241 2261 cius
264 2202 440 2262 convictum.

265 2288 344 2348 itanc
363 2288 451 2365 igitur
473 2290 567 2369 prima
588 2288 713 2349 amicitia
736 2299 791 2359 est,
816 2296 848 2347 ut
867 2304 973 2349 omnes
996 2288 1186 2351 concedunt.
1224 2286 1280 2347 neti·

178 2392 251 2453 quac
273 2394 342 2435 roro
362 2384 486 2456 propter
508 2377 584 2436 itanc
603 2385 633 2435 ct
655 2394 720 2436 csse
743 2374 886 2435 amicitiae
908 2373 1051 2436 videntur
1075 2384 1109 2437 ct
1133 2374 1165 2437 in
1182 2382 1281 2437 cantro-

180 2462 304 2522 narniam
331 2472 482 2523 runcantur.
531 2463 603 2523 Nam
631 2464 747 2524 iirmum
767 2461 905 2541 quiddam
927 2469 1019 2540 atque
1042 2472 1165 2525 certum
1187 2461 1282 2523 ridetur

136 2560 160 2603 m
179 2566 244 2607 osso
267 2548 407 2608 amicitia:
427 2551 500 2609 tranen
522 2559 619 2610 antem
640 2551 702 2610 sota
720 2552 803 2610 tirma
821 2556 909 2629 atque
931 2557 1014 2609 certa
1032 2558 1091 2611 eat.
1129 2550 1206 2611 Nam
1221 2547 1282 2629 qnod
1347 2622 1348 2632 ἵ

179 2635 281 2696 nititur
309 2635 419 2696 indicio
437 2635 670 2717 circumspecto,
701 2638 730 2697 id
750 2636 867 2697 tirumm
886 2642 975 2715 atquc
995 2644 1118 2699 certum
1140 2646 1204 2699 eut:
1226 2653 1283 2716 quae

164 2730 360 2785 autemnon
386 2724 560 2785 festinanter
584 2744 680 2804 rreqnc
702 2733 814 2785 torinna
837 2729 1017 2798 tractantur,
1053 2724 1096 2785 de
1118 2724 1283 2787 hieracion

177 2811 316 2872 iudicium
340 2812 409 2872 sarri
438 2820 545 2892 potant
575 2812 696 2889 'Ncqnc
728 2830 799 2873 vcro
829 2809 954 2873 amicitia
981 2810 1049 2871 sine
1071 2811 1137 2873 fide
1161 2819 1306 2941 comtansq

178 2906 266 2979 ntqnc
288 2900 371 2959 srrmn
394 2919 460 2959 enno
483 2909 597 2979 potunt:
621 2901 695 2959 tides
717 2908 815 2960 antean
838 2898 894 2959 nisi
917 2898 1013 2978 spatio
1030 2906 1062 2959 et
1079 2904 1221 2980 temporo
1237 2914 1282 2959 non

178 2987 360 3049 ‹zorrciiiatnn
408 2988 479 3047 Nam
511 2987 722 3068 poriciitandnn
754 2986 870 3049 animus
900 2984 984 3046 amici
1017 2992 1112 3065 atque
1139 2976 1307 3069 tentandus(

179 3083 232 3146 test,
257 3085 288 3134 nt
310 3083 338 3135 ct
356 3075 506 3154 'l'ircognis
527 3076 612 3135 dicit:
1302 3082 1308 3227 q

136 3175 161 3218 ra
332 3162 419 3231 „Non
439 3173 519 3242 potes
541 3162 632 3223 titirus
651 3162 786 3223 ritortotic
809 3179 929 3223 necarere
945 3171 1083 3233 utentem,

396 3248 434 3309 nt·
455 3262 555 3320 tentes,
580 3262 700 3311 totarum
719 3260 809 3309 tonat
830 3260 861 3309 ut
886 3246 1053 3327 aquarios·
1305 3256 1310 3357 q

177 3336 233 3408 Qui
266 3355 334 3395 roro
363 3356 423 3396 non
454 3338 522 3397 alato
552 3336 684 3397 terrtandi
713 3343 743 3395 ct
778 3333 964 3416 periclitandi
996 3334 1096 3414 spatio
1140 3333 1282 3401 amicitiam

178 3423 365 3494 contrahunt,
388 3424 417 3483 iri
440 3444 499 3485 non
523 3434 593 3485 sunt
614 3443 682 3485 rerc
706 3423 800 3493 antici,
824 3422 877 3483 sad
894 3422 996 3486 volout
1014 3439 1083 3485 csse
1103 3421 1211 3489 amici:
1229 3421 1284 3481 hos·
1307 3438 1310 3477 ι

178 3527 235 3586 quc
259 3510 383 3569 manime
403 3511 484 3587 sugit,
508 3511 663 3572 amicitiam
681 3529 746 3571 csse
770 3510 857 3571 talem
880 3508 1011 3571 habiturn
1034 3506 1100 3588 [qni
1123 3516 1244 3589 tempus
1260 3523 1285 3565 ac

178 3595 304 3673 spatium
327 3597 477 3673 requirat}
524 3599 621 3670 01111111
646 3597 723 3658 eninr
750 3597 834 3660 amici
865 3615 931 3657 csse
954 3594 1097 3675 cupiunt,
1129 3590 1312 3675 omniaque!

179 3699 254 3761 quac
277 3681 402 3741 amicitia
426 3684 576 3762 requiram
601 3684 750 3755 ridentur,
780 3686 859 3746 ultro
883 3684 1016 3762 citroque
1039 3688 1215 3762 praestant,
1237 3697 1287 3743 non
1307 3702 1312 3807 q

133 3786 160 3829 ao
180 3769 255 3829 vella
279 3787 311 3828 se
335 3768 500 3840 amicitiam,
524 3772 576 3831 son
598 3772 707 3832 lralrcre
727 3792 760 3831 sc
776 3771 930 3835 amicitiam
948 3769 1128 3833 existimant.
1165 3768 1207 3835 At
1221 3766 1288 3850 quod
1309 3816 1313 3829 .

178 3857 206 3917 in
232 3856 295 3916 aliis
318 3857 407 3917 rcbns
435 3858 556 3929 accidit,
589 3859 666 3919 idam
691 3860 727 3919 dc
754 3859 880 3923 amicitia
908 3859 992 3921 nolet.
1042 3856 1150 3937 Neque
1174 3853 1288 3919 enimsi
1309 3864 1314 3961 q

179 3945 227 4022 qni
247 3944 349 4004 rodunt
372 3945 487 4016 valere,
508 3945 618 4006 idcirco
642 3946 740 4006 valcnt
760 3947 916 4009 continuo:
946 3944 985 4004 ita
1007 3962 1047 4009 ne
1068 3942 1160 4005 amici
1178 3943 1288 4025 quidem

178 4032 319 4091 ‹torrtinno
341 4042 419 4104 sunt,
442 4033 466 4092 si
491 4034 539 4112 qni
561 4033 644 4093 amici
669 4052 734 4093 csse
755 4034 886 4112 cupiunt.
930 4031 1114 4109 Argumenta
1139 4038 1198 4105 cat,
1220 4027 1287 4110 quod
1312 4036 1317 4131 q

178 4118 229 4190 illi,
253 4119 312 4197 qni,
336 4138 396 4179 non
419 4122 496 4180 iacto
520 4128 587 4181 ante
610 4120 758 4199 periculo,
782 4123 839 4180 troc
862 4120 939 4181 inter
958 4138 991 4179 se
1013 4117 1115 4183 animo
1136 4126 1227 4191 eunt,
1250 4135 1287 4178 aa·
1314 4142 1318 4155 ·

179 4206 297 4265 iamniin
325 4207 410 4266 iacile
441 4207 754 4285 criminationibusque
777 4207 897 4268 obnoxii
916 4213 993 4267 sunt
1040 4204 1116 4271 Natu
1137 4174 1317 4285 quibusini

133 4292 269 4351 atrebas
299 4294 423 4371 spectati
447 4293 504 4354 sibi
535 4302 697 4373 mutuoque
721 4294 835 4372 probati
865 4301 950 4366 sunt,
982 4293 1020 4359 da
1044 4291 1092 4359 hit
1121 4293 1219 4364 rebus
1241 4294 1321 4435 nonq

180 4377 265 4438 tacite
289 4379 415 4440 credunt
444 4380 567 4443 aliorurn
591 4380 882 4445 calumniationibus:
914 4380 968 4445 scd
997 4379 1035 4445 de
1063 4379 1178 4463 quibus
1201 4386 1290 4443 cartu
