2784 4838
512 672 542 735 ³
648 661 744 777 vl.

187 874 262 964 De
290 875 551 992 integritate
579 873 838 962 Elleborum
865 869 1202 962 Ettdcme'orum.
1285 963 1290 970 ,

186 1090 215 1158 1.
260 1065 411 1158 Etlaica
455 1095 640 1158 Eudemia
673 1111 750 1155 non
788 1093 947 1172 integra
984 1093 1100 1154 nobis
1137 1104 1297 1156 servata

101 1189 203 1242 crint:
226 1191 367 1245 namet
387 1185 506 1245 verba
527 1182 649 1244 multu
671 1189 863 1260 corrupta
883 1188 992 1253 sunt,
1015 1187 1053 1241 et
1074 1181 1298 1261 particulae

102 1268 289 1347 quaedam
308 1271 480 1332 maiores
503 1269 751 1347 exciderunt,
775 1275 812 1327 et
831 1267 926 1328 libor
946 1269 975 1326 A
999 1274 1119 1341 totus,
1141 1277 1298 1349 excepto

102 1355 238 1435 caprite
261 1358 400 1436 quinto
424 1357 593 1429 decimo,
613 1354 748 1435 periit

615 1541 782 1614 Probob'o.

187 1689 219 1760 2.
256 1690 323 1757 Non
341 1695 439 1774 agitur
454 1696 512 1757 boc
529 1695 597 1756 loco
615 1697 652 1756 de
675 1696 773 1756 verbis
790 1693 925 1772 singulis,
946 1711 1022 1773 quae
1039 1693 1151 1772 possim
1170 1693 1204 1753 in
1219 1693 1299 1754 Ethi-

101 1780 141 1843 cis
159 1781 311 1844 Eudemiis
328 1789 468 1862 corrupta
489 1791 569 1855 sunt,
592 1800 690 1862 neque
711 1783 747 1842 de
765 1781 917 1862 particulis
933 1780 1112 1858 quibusdam
1128 1780 1299 1853 maioribus,

100 1869 202 1947 quales
225 1871 264 1926 H
286 1865 327 1930 12
355 1887 385 1948 p.
409 1865 483 1930 243.
514 1871 541 1928 Θ
566 1865 581 1930 1
603 1891 632 1949 p.
653 1865 720 1930 244
744 1878 774 1929 ct
794 1889 824 1947 p.
848 1865 911 1927 247
941 1867 1085 1928 excidisse
1111 1867 1299 1928 manifestum

101 1961 165 2028 est,
188 1956 298 2017 cedde
320 1956 403 2016 libn's
425 1956 454 2013 A
472 1955 503 2011 E
524 1956 568 2030 Z,
596 1974 671 2032 quos
693 1964 722 2014 et
744 1957 774 2016 in
797 1955 969 2015 Ethioorum
983 1953 1196 2018 Eudcmiorum
1216 1962 1248 2015 et
1266 1955 1297 2016 io

100 2041 272 2101 Etbiuorum
299 2041 563 2102 Nicomacbeorum
589 2040 743 2101 codicibus
773 2059 856 2111 esso,
892 2041 994 2101 etde
1019 2059 1149 2116 quorum
1177 2049 1299 2103 auctore

101 2128 276 2206 disceptari,
307 2147 398 2207 supra
411 2124 434 2201 ¹)
458 2127 652 2188 ostendimus.
691 2125 821 2188 Dicimus
841 2125 946 2202 igitur,
968 2124 1061 2184 libros
1081 2125 1115 2180 E
1134 2127 1163 2180 Ζ
1180 2128 1219 2185 ab
1237 2129 1299 2199 Eu-

101 2214 188 2274 demo
212 2213 340 2292 scriptos
360 2220 389 2274 et
407 2232 443 2272 ex
458 2213 545 2273 huius
562 2213 671 2273 Etbicis
688 2213 719 2272 in
737 2212 839 2273 Etlrica
857 2211 1061 2282 Nicomachea,
1085 2229 1176 2289 quum
1192 2212 1299 2274 horum

99 2297 168 2361 libri
188 2300 226 2360 Vl
247 2308 276 2361 et
297 2301 347 2360 Vll
369 2300 400 2360 in
430 2299 518 2359 simili
547 2307 722 2377 argumento
745 2305 899 2360 versantes
921 2297 1098 2377 periissent,
1130 2299 1301 2377 complendi

100 2386 201 2466 operis
220 2405 308 2447 causa
326 2404 391 2447 esse
413 2386 590 2446 translatos:
614 2394 717 2447 contra
736 2386 845 2446 librum
861 2386 899 2459 A,
925 2392 1048 2462 excepto
1072 2384 1168 2465 capite
1192 2382 1243 2460 15,
1263 2387 1299 2447 ab

99 2473 258 2534 Aristotele
285 2473 429 2553 scriptum
458 2480 488 2533 et
512 2472 686 2534 Etbicorum
703 2472 968 2533 Nicomacheorum
990 2471 1164 2551 proprium,
1199 2492 1233 2534 ex
1255 2473 1300 2534 bis

99 2559 209 2620 Etbicis
227 2559 258 2619 in
276 2559 378 2620 Etbica
397 2559 556 2632 Eudemia,
579 2579 671 2640 quum
693 2561 801 2620 horum
817 2558 893 2619 liber
912 2560 950 2634 A,
972 2560 1034 2620 sive
1051 2560 1087 2620 de
1109 2558 1218 2620 iustitia
1240 2560 1299 2622 dis-

99 2645 223 2726 putatio,
246 2646 421 2717 excidisset,
444 2647 614 2726 complendi
637 2645 737 2726 operis
757 2664 844 2706 causa
866 2664 932 2707 esse
953 2646 1138 2717 translatum,
1168 2648 1223 2708 sed
1239 2647 1301 2708 rori

98 2732 166 2793 libri
183 2732 318 2794 Eudemii
335 2735 365 2792 A
385 2735 584 2811 fragmentum
602 2733 747 2795 restitisse
770 2740 859 2813 caput
875 2732 963 2794 huius
980 2732 1049 2794 libri
1067 2732 1203 2812 quintum
1220 2735 1299 2797 deci-

98 2838 190 2879 mum.
224 2819 329 2892 ¹Quam
351 2820 546 2893 sententiam,
569 2839 602 2881 re
629 2820 696 2900 ipsa
716 2839 783 2881 cum
805 2819 947 2882 Fischero
969 2820 1210 2894 consentientes,
1240 2822 1299 2882 hoc

98 2913 186 2985 pacto
208 2905 329 2985 probari
359 2925 450 2986 posse
476 2925 641 2986 speramus.
693 2906 853 2969 Ordiamur
881 2926 899 2968 a
928 2907 1104 2990 quibusdum
1133 2906 1299 2987 interroga·

97 2991 238 3054 tionibus.

184 3113 231 3186 A.)
260 3113 274 3173 l
282 3114 540 3193 nterrogatio
562 3115 584 3176 l.
628 3116 704 3178 Num
728 3117 865 3177 offendor
884 3114 990 3176 ordine
1009 3130 1112 3175 renim
1133 3111 1165 3174 in
1187 3111 1297 3176 Elbicis

96 3198 299 3261 Nicomacheis
319 3208 509 3262 tractatarum
530 3204 774 3283 autopinionum
796 3203 922 3281 quadam
939 3200 1144 3279 repugnantia,
1167 3201 1192 3260 si
1212 3220 1297 3262 sumo

96 3286 189 3348 libros
206 3284 377 3348 Ethicorum
396 3287 613 3350 Eudemiorum
631 3291 663 3346 E
680 3291 707 3348 Ζ
728 3291 786 3367 (--
804 3289 869 3348 Etb.
880 3288 943 3348 Nic.
960 3287 996 3345 Vl
1015 3286 1079 3364 Vll)
1101 3302 1167 3346 esse
1179 3297 1298 3367 partem

96 3372 268 3435 Ethicorum
289 3371 581 3435 Nicomachcorumi

38 3547 40 3551 .
182 3475 435 3569 Responsum.
478 3490 631 3554 Offendor.
667 3491 740 3552 Nam
759 3499 789 3552 ct
806 3492 943 3552 ordinem
960 3508 1060 3551 rerum
1077 3495 1297 3557 tractandarum

96 3576 246 3637 turbatum
274 3583 303 3635 ct
327 3576 416 3636 simul
444 3579 671 3657 repugnantiam
697 3578 871 3658 opinionum
901 3577 1118 3639 animadverto:
1152 3599 1221 3642 nam
1251 3582 1296 3644 bis

95 3662 168 3722 locis
192 3661 333 3732 diversis,
360 3661 533 3724 Ethicorum
554 3664 615 3725 Nic.
640 3666 715 3726 libro
738 3665 764 3724 X
787 3672 817 3727 el
837 3665 911 3726 Eud.
940 3667 973 3725 Z.
1002 3665 1146 3744 capitibus
1167 3663 1295 3729 12-15

95 3749 152 3828 (ε
174 3747 239 3808 Eth.
258 3747 320 3808 Nic.
343 3748 403 3821 Vll,
425 3746 554 3810 11-14
578 3753 624 3812 ed.
647 3752 751 3826 Zell.),
775 3752 872 3830 agitur
894 3752 930 3812 de
947 3772 980 3813 re
1004 3754 1124 3827 eadem,
1151 3754 1188 3814 de
1210 3757 1295 3818 volu-

94 3841 185 3914 ptate,
203 3841 233 3895 et
251 3834 290 3894 ita
309 3835 413 3913 agitur,
430 3845 465 3897 ut
482 3857 596 3898 summa
613 3837 854 3918 disputationis²)
873 3838 988 3901 diversa
1006 3839 1058 3900 sit:
1078 3859 1175 3920 neque
1194 3849 1294 3904 tamen

95 3940 213 3981 causam
236 3921 332 3994 video,
356 3941 409 3983 cur
427 3923 504 3984 libro
527 3926 554 3982 Z
573 3927 630 4000 (=
651 3925 717 3986 Eth.
735 3926 797 3987 Nic.
816 3927 880 4007 Vll)
901 3927 989 3987 deca
1009 3926 1180 4001 disseratur,
1201 3948 1294 4007 quum

93 4007 270 4086 praesertim
294 4008 409 4069 decimo
438 4011 514 4071 libro
544 4011 716 4073 Ethicorum
740 4012 803 4073 Nic.
831 4015 867 4074 de
898 4032 933 4074 ea
954 4014 1115 4075 dicendum
1145 4034 1212 4076 esse
1235 4017 1292 4078 alio

92 4093 159 4155 loco
171 4091 195 4170 ³)
220 4094 314 4174 ipsius
335 4094 501 4158 Aristotelis
520 4097 618 4158 verbis
637 4099 818 4161 declaratum
840 4099 893 4160 sit:
923 4101 1016 4161 multo
1039 4101 1137 4162 minus
1158 4103 1292 4182 intelligo

93 4198 146 4241 cur
166 4191 290 4260 utraque
313 4181 471 4262 disputatio
493 4184 533 4245 ita
557 4185 689 4247 instituta
714 4187 767 4258 sit,
802 4194 833 4246 ot
856 4206 971 4248 summa
1000 4187 1154 4269 utriusque
1176 4190 1292 4252 diversa

125 4363 151 4424 1)
171 4360 235 4412 vno
252 4379 276 4429 p.
299 4365 404 4415 xxm.
737 4370 765 4437 a)
785 4370 849 4422 viae
869 4371 928 4423 sia.
952 4372 1009 4427 nte.
1030 4373 1077 4439 rx,
1096 4373 1122 4438 8,
1142 4373 1169 4423 8.

120 4433 151 4494 8)
170 4428 482 4496 vicesies-ascum
497 4437 528 4486 aa
541 4453 566 4503 p.
580 4438 636 4503 rso,
650 4438 673 4489 7.
1105 4490 1108 4492 ,
