2776 4836
126 458 320 527 tw,tparere
343 443 448 506 debet:
472 453 501 504 et
520 445 659 525 quoniam
677 452 803 524 utraque
824 445 929 506 harum
950 445 1085 526 partium
1108 444 1152 505 ad
1172 444 1220 505 sui
1240 455 1316 507 reete

210 534 251 595 ris
275 541 305 594 et
327 531 534 611 gubernatoris
556 531 714 612 imperium
743 532 842 592 rivere
864 532 970 594 debet:
998 534 1076 594 haee
1098 543 1209 593 autem
1229 533 1316 612 duplex
1349 550 1355 589 ι

212 629 258 681 est
279 618 444 700 imperandi
469 621 543 680 ratio
566 619 664 697 (aliter
682 621 761 681 enim
779 618 925 680 medicina
950 621 1140 701 principium
1167 628 1233 694 est,
1253 621 1317 682 aliter
1346 602 1355 731 p

210 708 289 770 bona
309 707 478 785 valetudopz
506 714 646 787 apparet,
672 707 797 768 eandem
823 726 890 767 esse
913 707 1061 768 rationem
1082 709 1185 787 partis
1202 718 1317 770 rontem-

212 796 338 876 plativae
366 794 454 855 animi
477 795 576 874 [atque
608 794 696 855 etiam
718 795 795 854 hauc
818 801 934 874 partem
961 795 1114 856 mandatis
1134 796 1319 876 principiae

212 882 419 962 gubernatoris
436 882 589 943 cuiusdam
607 900 714 962 parere
732 881 863 960 dehere}
900 881 961 943 Sed
976 901 1039 943 uon
1054 882 1162 944 periris
1180 885 1320 964 conceptis
1347 920 1355 985 p

211 970 348 1031 mandata
371 970 421 1030 dat
451 979 480 1030 et
502 971 628 1050 imperat
654 969 745 1042 dem,
776 969 825 1049 qui
853 969 903 1032 iile
926 970 1069 1050 princeps
1092 978 1127 1030 et
1150 971 1321 1049 guberuator
1349 988 1355 1055 p

213 1065 268 1129 est,
291 1056 345 1117 sed
370 1056 409 1117 oh
431 1057 560 1118 eundem
580 1056 671 1117 iiuem
700 1064 858 1137 praecepta
879 1055 944 1129 dat,
975 1057 1015 1119 ob
1036 1076 1137 1139 ,quem
1163 1059 1321 1139 prudentia.

168 1161 194 1206 aa
210 1144 294 1210 Finis
311 1152 409 1204 autem
431 1144 541 1224 duplex
563 1152 626 1217 est,
649 1143 734 1204 sicuti
753 1143 811 1204 alio
831 1144 899 1204 ioco
917 1152 1073 1205 ostensum
1090 1154 1141 1206 est
1161 1146 1234 1225 [agit
1254 1148 1321 1209 euim

210 1233 301 1293 homo
326 1239 355 1291 et
379 1230 568 1292 beatitudinis
596 1249 683 1292 rausa
710 1240 739 1292 et
761 1249 814 1291 sua
837 1250 940 1305 causa,
968 1250 1032 1292 nou
1055 1232 1105 1293 dei
1129 1235 1234 1312 musa]
1263 1254 1321 1296 uam

212 1319 286 1380 deus
308 1336 369 1379 non
396 1327 464 1397 eget
487 1337 520 1380 re
547 1319 615 1379 ulia.
662 1319 838 1398 Quicunque
860 1318 948 1398 igitur
968 1319 1049 1380 buna
1071 1328 1219 1393 externa,
1249 1341 1321 1402 apes,

210 1407 339 1479 amicae,
361 1406 440 1467 hona
460 1407 612 1486 corporis,
636 1406 748 1486 reliqua
769 1406 800 1466 id
823 1424 932 1484 genus,
954 1406 993 1466 ita
1013 1407 1142 1486 expetit,
1164 1408 1273 1490 hisque
1291 1411 1323 1470 ita

212 1494 315 1565 utitur,
337 1493 431 1555 uthis
453 1494 534 1555 iuvet
554 1501 583 1554 et
604 1505 710 1572 augeat
728 1493 1008 1573 contemplationem
1031 1494 1099 1555 dei:
1121 1495 1215 1556 huius
1237 1498 1323 1558 studia
1348 1542 1351 1561 ,
1374 1498 1382 1549 i

212 1588 283 1642 aunt
308 1581 436 1662 optima,
467 1588 556 1663 atque
580 1581 628 1642 hic
651 1582 796 1643 terminus
828 1587 874 1641 est
901 1581 1041 1662 optimus.
1095 1581 1160 1655 Qui
1187 1601 1262 1645 vero
1281 1588 1324 1646 aut
1376 1589 1384 1619 ¹*

167 1682 318 1750 raparum
340 1676 391 1729 aut
408 1669 565 1730 immodice
587 1676 670 1729 curat
684 1668 762 1730 bona
785 1676 916 1741 externa,
938 1686 1034 1748 eoque
1051 1668 1158 1743 efficit,
1178 1672 1263 1733 utin
1285 1673 1324 1733 dei

213 1756 293 1818 cultu
312 1766 401 1837 atque
422 1757 451 1817 iu
476 1756 523 1817 dei
545 1756 797 1836 contemplatione
815 1757 1010 1835 impediatur,
1027 1756 1120 1817 huius
1138 1776 1268 1839 pravum
1288 1770 1325 1821 est

212 1843 352 1905 studium.
390 1843 454 1904 Hoc
475 1852 572 1904 autem
594 1843 684 1905 habet
704 1844 734 1903 iu
758 1844 856 1904 auimo
875 1862 946 1905 suo:
969 1850 1060 1923 atque
1084 1843 1137 1905 hic
1160 1854 1210 1907 est
1232 1848 1324 1908 termi-

213 1949 287 2004 nus,
312 1932 385 1993 haec
411 1950 516 1992 norma
544 1930 633 1991 animi
658 1931 786 2011 optima,
817 1950 905 2010 quam
925 1930 1047 1992 minime
1077 1933 1199 1994 sentire
1216 1943 1323 2015 partem
1349 1876 1355 2029 i

211 2018 334 2080 alteram
354 2018 444 2080 animi
464 2020 550 2099 [quae
571 2026 652 2079 caret
672 2018 787 2079 ratione
804 2026 834 2079 et
850 2020 938 2080 sedes
953 2018 1153 2098 cupiditatum
1173 2022 1243 2100 est]‚
1262 2041 1324 2104 qua

211 2113 299 2166 tenua
319 2105 384 2166 talis
407 2114 453 2166 est
473 2107 630 2184 [quatenus
652 2105 846 2185 cupiditatum
868 2106 956 2187 piena
980 2113 1071 2185 atque
1092 2107 1134 2167 ad
1158 2108 1323 2171 inhonestas

212 2192 379 2274 voluptates
402 2212 497 2274 prona
517 2194 582 2270 estl.

290 2279 362 2353 Quis
384 2280 473 2359 igitur
488 2281 642 2353 terminus,
659 2298 734 2359 quae
755 2298 861 2341 norma
881 2280 920 2341 sit
936 2280 1090 2361 perfectae
1112 2283 1262 2346 omnibus
1276 2305 1323 2346 uu·

214 2366 304 2427 meris
320 2367 471 2429 absolutae
488 2367 661 2441 honestatis,
685 2368 795 2448 etquis
811 2367 850 2428 sit
869 2368 919 2430 ille
936 2386 1067 2448 scopus,
1088 2368 1177 2433 cuius
1192 2380 1323 2453 respectu

213 2452 300 2514 bonis
320 2456 448 2515 externis
470 2456 613 2517 utendum
635 2455 683 2528 sit,
711 2454 845 2517 diximus.
