2776 4836
584 215 626 290 ll.
655 215 690 290 8.
1162 212 1240 298 287

73 404 309 486 aeonaeqmam.
352 405 454 487 ltaque
475 407 665 469 incontinens
687 406 780 485 magis
807 413 915 486 sponte
938 414 968 467 et
988 424 1050 467 non
1070 405 1096 466 vi
1120 416 1239 472 coactus

116 509 213 573 agero
229 492 365 566 videtur,
396 494 509 575 quippe
531 493 581 575 qui
603 501 688 557 vacet
709 494 813 555 doloro
837 501 866 555 et
893 492 1037 554 molestia.
1080 493 1238 557 Persuasio

118 596 196 642 vero
220 586 248 642 et
272 580 316 642 vis
338 599 373 642 ac
392 582 555 644 necessitas
580 581 726 643 contraria
752 589 914 661 ponuntur.
955 579 1117 642 Continens
1139 589 1239 644 autem

73 667 166 737 ,had
188 682 239 741 ea,
263 668 300 730 de
321 667 428 748 quibus
446 669 505 750 ipsi
527 676 782 750 persuasumst,
804 668 927 731 inclinat
948 675 978 730 et
996 666 1111 730 accedit
1128 687 1190 730 non
1211 671 1240 733 vi

121 762 263 828 coactns,
293 756 348 817 aed
376 773 430 818 sua
451 765 568 838 sponte.
615 756 767 836 Cupiditas
789 774 860 817 vero
883 774 944 817 nou
966 753 1095 817 adhibita
1114 774 1239 834 persua·

119 841 210 904 sione
231 841 327 904 ducit:
355 861 423 905 uam
442 844 564 906 rationis
588 863 694 924 expers
719 851 772 905 est.
814 843 876 903 Hos
897 841 987 920 igitur
1008 841 1103 904 videri
1121 841 1150 903 vi
1170 862 1238 905 coa-

121 935 191 991 ctos
215 936 244 991 et
263 928 372 991 invitos
391 948 490 1009 agere,
515 939 544 993 et
566 950 654 1010 quam
677 930 715 991 ob
738 948 855 992 causam
877 929 1043 1001 videantur,
1064 928 1178 990 scilicet
1200 933 1238 993 oh

120 1014 200 1088 eius,
220 1017 301 1096 quod
317 1015 345 1077 ri
364 1025 491 1096 cogente
508 1019 568 1090 fiat,
587 1019 735 1099 quandam
758 1016 989 1088 similitudinem,
1007 1016 1037 1077 id
1055 1015 1239 1098 quodetiam

75 1114 101 1158 ⁸
121 1102 159 1164 in
178 1103 269 1167 rebus
291 1102 458 1166 inanimatis
481 1105 701 1184 quodammodo
724 1105 823 1166 locum
844 1105 955 1165 hahere
979 1103 1117 1176 diximus,
1147 1122 1240 1187 expo-

118 1188 216 1251 sitmn
239 1195 293 1251 ost
330 1191 539 1254 Verumtamen
557 1193 582 1254 si
602 1191 667 1273 quis
689 1191 738 1253 hic
759 1210 878 1271 quoque
898 1190 988 1264 illud,
1012 1189 1144 1271 quadiu
1166 1193 1239 1254 deli-

118 1276 237 1339 nitione
267 1277 400 1340 additum
422 1287 484 1353 est,
507 1279 638 1352 adiiciat,
662 1278 805 1340 dubitatio
836 1278 969 1340 solvitur.
1018 1278 1092 1341 Nam
1120 1277 1145 1339 si
1169 1280 1239 1360 quid

115 1363 306 1427 extrinsecus
322 1374 443 1445 praeter
461 1367 675 1446 appetitionem
691 1365 810 1427 insitam
825 1365 951 1428 moverit
969 1366 1016 1428 vel
1033 1367 1238 1446 tranquillant,

114 1451 148 1512 vi
171 1450 203 1513 id
221 1451 286 1513 lieri
305 1452 447 1516 dicimus:
470 1454 519 1515 sin
538 1472 635 1527 sacua,
656 1471 718 1515 non
738 1454 774 1516 vi.
819 1453 857 1514 nt
872 1453 904 1514 in
922 1453 1043 1516 homine
1066 1454 1238 1517 continente

73 1550 98 1597 o
120 1545 156 1600 et
175 1537 379 1602 incontinentia
398 1541 528 1620 impetus
547 1541 652 1602 insitus
678 1541 776 1602 ducit:
805 1541 895 1602 habet
917 1540 996 1603 enim
1015 1549 1174 1620 utrumque
1198 1543 1239 1620 [et

121 1625 317 1705 cupiditatem
348 1634 379 1688 ot
407 1628 574 1707 rationem].
635 1628 737 1708 ltaque
767 1634 875 1689 neuter
903 1627 931 1689 vi
966 1627 1111 1691 adductus
1140 1646 1238 1709 neque

119 1719 260 1786 coactus,
289 1714 346 1775 sed·
366 1723 471 1797 suapte
491 1723 601 1795 sponte
626 1733 714 1794 agere
736 1715 774 1778 ob
793 1715 850 1776 ista
871 1714 1013 1777 videatur.
1057 1714 1131 1776 Nam
1153 1717 1239 1795 prin-

120 1799 234 1879 cipium
261 1808 450 1878 extraneum,
483 1803 563 1884 quod
587 1811 690 1864 contra
709 1803 875 1864 naturalem
896 1801 1040 1882 impeturn
1066 1803 1239 1866 morciaci

120 1886 264 1966 impedit,
285 1891 494 1952 necessitatem
515 1889 717 1970 appellamus,
747 1897 780 1951 ut
801 1889 912 1970 siquis
934 1897 1053 1970 arrepta
1071 1906 1161 1954 manu
1182 1893 1239 1953 ho-

119 1973 211 2036 minis
238 1975 390 2040 voluntate
417 1986 447 2040 et
479 1975 823 2059 cupiditate-renitentis
853 1976 1000 2058 percutiat
1028 1976 1127 2038 alium.
1186 1977 1239 2038 Sin

73 2074 102 2120 aa
124 2069 228 2122 antean
251 2061 331 2124 intus
360 2065 450 2127 luerit
471 2056 668 2144 principiuns,
695 2064 738 2126 vis
765 2083 828 2127 uon
854 2072 915 2138 est,
946 2064 1186 2145 quandoquidem
1210 2073 1240 2126 et

122 2149 261 2229 voluptas
282 2157 313 2211 et
335 2152 421 2214 dolor
441 2153 521 2215 inest
535 2152 565 2214 in
582 2159 710 2232 utroquo
733 2153 774 2231 [et
792 2151 823 2213 iu
846 2151 1018 2218 continente
1038 2160 1068 2214 et
1084 2152 1116 2213 iu
1133 2152 1239 2214 incon-
1360 2176 1367 2204 ι

121 2236 259 2314 tinentel.
302 2237 435 2319 Namque
458 2240 555 2320 etqui
576 2239 765 2301 continenter
785 2239 861 2318 agit,
891 2239 998 2320 partim
1022 2239 1126 2302 dolore
1146 2239 1240 2303 allici·

122 2330 182 2396 tur,
202 2323 269 2403 quia
288 2325 348 2403 agit
369 2334 473 2388 contra
495 2327 702 2406 cupiditatem,
725 2326 834 2406 partim
853 2326 960 2406 gaudio
979 2326 1179 2406 perfunditur,
1203 2345 1239 2388 eo

122 2410 254 2484 seilicet,
284 2413 365 2491 quod
387 2433 404 2474 a
426 2433 481 2494 spe
502 2415 582 2477 hona
605 2414 700 2488 venit,
726 2413 794 2494 quia
815 2433 848 2475 se
871 2415 995 2494 posthac
1017 2415 1146 2477 fructum
1168 2433 1240 2494 per-

123 2504 282 2577 ceptmum
302 2517 368 2562 esse
389 2501 527 2579 intelligit
548 2502 594 2563 vel
615 2501 674 2564 iam
697 2504 826 2564 fructum
848 2499 993 2582 percipit,
1022 2509 1137 2564 servata
1159 2501 1239 2562 vale-

121 2585 242 2647 tudine:
281 2594 311 2647 et
338 2587 529 2650 incontinens
561 2589 669 2668 gaudet
696 2589 746 2650 illo
774 2589 894 2668 quidem
925 2588 995 2650 dum
1018 2588 1240 2650 incontinenter

75 2685 106 2730 ao
124 2672 241 2751 agendo
259 2691 293 2734 re
311 2681 411 2756 optata
432 2675 556 2747 lruiurr,
579 2677 633 2737 sed
654 2675 734 2738 idem
757 2677 861 2737 dolore
885 2675 972 2736 etiam
995 2675 1123 2737 allicitur
1138 2695 1239 2737 rerum

124 2760 308 2821 suturarum:
331 2780 400 2824 narn
415 2763 521 2825 metuit
542 2770 668 2843 propter
690 2762 903 2824 conscientiam
925 2762 1001 2823 male
1024 2762 1102 2824 lacti.
1137 2763 1240 2844 ltaque

126 2847 416 2931 moerentiumque
438 2851 466 2911 vi
489 2857 623 2912 coactum
646 2868 751 2928 agere,
773 2849 960 2931 estquidam
982 2849 1072 2910 ratio:
1097 2849 1239 2930 itemque,

122 2941 284 3014 utrumque
305 2936 465 3017 aliquando
487 2937 610 2998 invitum
633 2955 722 3016 agere
751 2944 877 3018 propter
900 2935 1089 3017 cupiditatem
1111 2944 1142 2998 ct
1166 2956 1239 3017 pro-

123 3028 193 3101 pter
214 3021 376 3086 rationem:
406 3043 475 3087 nam
495 3031 632 3104 separata
652 3042 743 3105 quum
766 3025 840 3085 haec
867 3023 925 3084 duo
948 3021 1023 3095 sint,
1052 3023 1179 3087 alterum
1202 3023 1237 3085 ah

78 3117 107 3163 aa
125 3108 220 3169 altero
250 3110 424 3173 extruditur.
479 3113 553 3174 lude
583 3111 670 3173 etiam
698 3111 736 3171 ad
762 3117 858 3172 toturn
887 3111 1070 3172 transferunt
1098 3110 1237 3201 animum,

121 3195 190 3276 quia
208 3194 317 3275 aliquid
335 3198 365 3261 in
381 3199 479 3261 animo
499 3200 539 3261 ita
556 3201 693 3260 allectum
712 3196 824 3260 vident.
861 3195 948 3277 Atqui
968 3196 1005 3258 de
1020 3196 1154 3277 partibus
1167 3192 1239 3278 'qm-

126 3283 194 3344 dem
217 3283 328 3363 [animi]
351 3292 452 3365 potest
466 3287 524 3349 hoc
548 3287 620 3348 diei:
642 3293 672 3346 at
692 3293 773 3346 totus
791 3303 844 3347 sua
863 3291 971 3365 sponte
987 3285 1103 3347 animus
1120 3293 1151 3346 et
1166 3304 1239 3346 con·

124 3369 246 3433 tinentia
276 3378 307 3432 et
334 3371 546 3435 incontinentis
571 3374 644 3453 agit:
681 3373 735 3434 sed
766 3372 795 3434 vi
822 3379 941 3433 coactus
972 3379 1096 3445 neuter,
1136 3391 1237 3435 aarum

124 3476 239 3530 eorum,
261 3460 386 3539 quaein
408 3460 482 3542 ipsis
504 3461 615 3534 insunt,
638 3459 747 3542 aliquid
771 3461 936 3532 dumtaxat,
960 3459 1199 3540 quandoquidem
1222 3479 1238 3521 a

123 3551 229 3606 natura
257 3552 417 3629 utrumque
446 3549 599 3611 hahemus
655 3548 787 3629 Namque
818 3554 848 3609 et
876 3547 950 3611 ratio
979 3550 1085 3611 naturai
1109 3566 1238 3628 regnans

78 3639 107 3685 ⁸⁰
127 3640 188 3693 est:
210 3631 287 3714 quia,
310 3633 336 3695 si
357 3654 445 3714 quem
462 3635 512 3708 ita,
535 3643 569 3698 ut
585 3643 672 3698 natus
689 3644 743 3708 est,
763 3654 830 3697 esse
849 3636 964 3708 siveris,
983 3635 1067 3717 sique
1089 3636 1138 3698 hio
1153 3642 1239 3717 parte

124 3719 205 3780 nulla
228 3720 344 3782 vitiatus
375 3723 481 3796 luerit,
508 3723 582 3785 ratio
604 3723 635 3785 in
658 3726 716 3786 hoc
743 3723 847 3785 inerit:
879 3732 909 3786 et
937 3744 1009 3786 vero
1041 3724 1185 3806 cupiditas
1207 3722 1238 3783 iu

123 3806 245 3868 homine
274 3811 380 3870 naturai
402 3809 496 3871 inest:
533 3810 601 3890 quia
622 3812 696 3873 haec
724 3829 740 3873 a
770 3811 868 3892 primo
894 3813 964 3874 inde
990 3818 1058 3873 ortu
1083 3810 1240 3874 comitatur

123 3893 276 3956 hominem
299 3895 384 3975 eique
399 3897 486 3959 inest.
530 3897 616 3978 Atqui
638 3899 684 3960 his
707 3898 824 3960 duobus
847 3900 981 3961 naturale
1001 3901 1064 3960 lere
1094 3896 1239 3960 describi·

124 3998 200 4053 mus,
217 3981 330 4044 sedicet
340 3982 395 4056 his,
409 4003 483 4063 quae
499 3985 624 4065 aprima
641 3986 712 4047 inde
724 3993 791 4047 ortu
812 4004 917 4048 omnes
934 3985 1121 4057 comitantur,
1141 3992 1171 4046 et
1184 3983 1238 4054 his,

122 4086 215 4147 quae,
248 4070 318 4130 dum
340 4070 409 4131 licet
432 4070 563 4133 indolem
590 4080 671 4133 recta
698 4073 742 4134 via
765 4073 947 4152 procedere,
978 4073 1065 4135 uobis
1088 4072 1239 4143 eveniunt,

123 4156 204 4234 quod
229 4174 324 4233 genus
345 4165 391 4219 est
412 4158 534 4220 canities
561 4177 596 4220 ac
614 4167 753 4221 senectus
782 4167 813 4220 et
835 4178 910 4240 quae
932 4167 1003 4221 sunt
1022 4158 1136 4220 similia.
1180 4159 1239 4220 lta-

76 4251 106 4296 &
123 4259 181 4320 que
204 4243 330 4323 quadam
353 4245 468 4306 ratione
490 4253 615 4326 uterque
644 4248 686 4324 [et
715 4246 872 4309 continens
895 4254 925 4309 et
946 4247 1147 4326 incontinens]
1177 4264 1239 4309 uon

121 4328 183 4407 agit
210 4332 376 4395 secuudum
403 4341 555 4408 naturam,
595 4334 649 4395 sed
681 4352 736 4415 per
763 4353 797 4396 se
824 4335 884 4414 agit
905 4335 1070 4399 secundum
1093 4341 1238 4410 naturam,

121 4434 227 4480 vorum
250 4421 495 4485 renascendum
519 4429 655 4485 naturam
678 4421 813 4486 eandem.
