2776 4836
588 213 630 289 u.
658 219 694 288 7:
746 213 753 227 '
1162 212 1249 299 2853

73 411 228 473 ‚nutem
250 420 340 485 agere
354 403 553 467 voluntarium
571 415 632 466 est:
655 423 726 484 ergo
742 402 930 481 incontinens
948 411 1015 483 aget
1032 404 1149 479 iniuste,
1173 407 1239 486 quia

117 493 163 556 ita
185 491 248 572 agit
266 499 300 555 ut
320 491 405 553 iubet
430 491 590 572 cupiditas:
617 492 721 553 volens
748 491 838 570 igitur
858 489 959 563 faciet,
991 499 1020 552 et
1041 491 1239 556 voluntarium

122 587 174 644 cst
192 580 273 663 quod
288 579 322 640 tit
341 578 515 660 impellente
532 578 708 659 cupiditate:
726 586 772 640 est
787 577 867 640 enim
885 576 991 641 rationi
1009 577 1240 656 dissentaneum,

73 684 84 713 -·
124 674 198 741 eos,
226 666 276 747 qui
298 665 520 728 incontinentes
543 665 706 739 evaserint,
737 667 802 726 lore
821 663 970 727 iustiores.
1013 663 1056 727 Ex
1077 665 1123 727 his
1150 666 1240 746 igitur

124 755 263 817 rideatur
280 752 327 826 id,
358 752 438 832 quod
465 751 625 833 cupiditate
646 752 819 833 impellente
841 752 908 823 liat,
938 769 1005 813 esse
1026 751 1240 816 voluntarium:

90 854 112 901 u
126 842 184 905 sed
213 848 317 904 contra
345 840 463 901 ridetur
490 841 564 902 haec
584 839 800 921 reputantibus.
843 837 917 899 Nam
939 856 1043 908 omne,
1073 839 1154 919 quod
1174 841 1239 922 quis

73 954 97 969 „-
126 936 237 1011 sponte
256 927 336 1000 lacit,
355 927 459 989 voleus
482 926 567 988 lacit:
590 935 619 989 et
641 927 720 1006 quod
743 926 819 998 vult,
844 924 875 986 id
895 932 1012 1006 sponte.
1055 925 1124 988 Vult
1140 935 1240 990 autem

85 1038 95 1065 ··
126 1015 274 1088 aeneid,
294 1013 375 1095 quod
394 1020 479 1095 putat
494 1031 560 1076 esse
574 1013 693 1076 malum.
728 1013 836 1076 Verum
859 1011 908 1091 qui
926 1011 1147 1078 incontinenter
1161 1015 1240 1090 lacit,

125 1120 190 1166 uon
218 1121 252 1164 ea
274 1120 349 1182 quae
369 1101 433 1164 vult
455 1100 539 1162 iacit:
569 1120 638 1164 nam
661 1109 764 1163 contra
793 1099 842 1173 id,
872 1100 953 1179 quod
975 1099 1119 1180 optimum
1142 1110 1240 1184 putes,

126 1190 167 1252 ob
191 1188 383 1270 cupiditatem
405 1189 521 1261 lacere,
550 1189 609 1250 hoc
636 1196 682 1250 est
704 1187 927 1251 incontinenter
953 1187 1061 1250 lacere.
1107 1188 1151 1250 lix
1180 1210 1239 1271 quo

74 1292 110 1341 1ο
128 1285 272 1357 sequetur
295 1283 331 1338 ut
358 1275 438 1338 idem
462 1282 492 1336 et
511 1276 615 1338 volens
640 1283 668 1338 et
695 1274 803 1338 inritus
825 1283 908 1354 agat:
938 1272 969 1335 id
990 1274 1070 1354 quod
1092 1275 1156 1338 lieri
1178 1296 1240 1340 nou

125 1371 236 1446 potest
271 1361 390 1425 adhaec
405 1361 450 1423 vir
473 1363 629 1425 continens
651 1369 720 1442 aget
739 1362 826 1434 iuste,
846 1369 877 1424 et
892 1360 997 1423 iustius
1016 1361 1136 1442 quidem
1152 1383 1240 1444 quam

123 1469 215 1531 agere
244 1449 341 1531 possit
368 1449 600 1512 incontinentia:
629 1467 698 1512 nam
721 1449 905 1512 continentia
934 1448 1028 1510 virtus
1049 1456 1110 1522 est,
1146 1450 1240 1514 virtus

123 1546 225 1602 autern
245 1537 385 1600 iustiores
406 1536 513 1599 reddit
554 1537 635 1600 Facit
657 1544 756 1599 autem
786 1538 990 1607 continenter,
1024 1554 1114 1616 quum
1136 1547 1241 1600 contm

124 1625 317 1706 cupiditatem
339 1625 370 1686 id
389 1624 458 1686 lacit
474 1624 554 1704 quod
572 1624 647 1686 ratio
669 1625 809 1706 postulat.
838 1622 993 1699 Quocirca,
1016 1623 1041 1684 si
1057 1622 1134 1686 iuste
1150 1643 1240 1704 agere

73 1722 103 1770 ιε
122 1713 323 1776 voluntarium
340 1719 394 1785 est,
411 1711 497 1775 sicuti
513 1712 599 1773 etiarn
615 1712 725 1775 iniuste
738 1730 826 1792 agere
839 1709 1038 1775 voluntarium
1050 1718 1095 1773 est
1110 1711 1240 1790 (utrum-

123 1818 185 1883 que
210 1799 289 1863 enim
311 1799 428 1861 videtur
454 1798 652 1862 voluntarium
678 1818 760 1873 esse,
793 1799 869 1862 etsi
891 1798 1018 1861 alterum
1039 1797 1238 1861 voluntarium

124 1895 188 1962 est,
216 1905 341 1949 necesse
364 1893 410 1948 est
432 1904 498 1948 esse
518 1885 606 1949 etiarn
623 1886 779 1966 alterum),
809 1887 888 1969 quod
911 1894 1010 1951 autern
1032 1892 1136 1949 contra
1154 1887 1239 1968 cupi·

124 1975 246 2038 dilatem
265 1974 312 2047 nt,
340 1972 571 2037 involuntarium
592 1980 673 2067 esti!
687 1973 768 2037 idem
789 1975 914 2037 eandem
934 1991 999 2035 rem
1022 1972 1110 2036 simul
1136 1982 1166 2036 et
1184 1992 1238 2038 vo·

122 2062 191 2125 lens
214 2068 244 2124 et
262 2060 372 2123 inritus
390 2060 485 2123 faciet.

209 2147 292 2212 ldern
308 2148 467 2211 decadum
485 2156 530 2211 est
548 2148 586 2210 de
601 2148 645 2210 ira
664 2144 818 2213 reiammi
834 2148 960 2211 fervore.
995 2146 1069 2212 Nam
1087 2156 1133 2211 est
1150 2148 1237 2212 etiam

122 2236 186 2298 irae
203 2236 250 2298 rel
271 2235 361 2298 animi
381 2235 596 2299 incontinentia
617 2235 812 2316 [impotentia]
836 2243 866 2297 et
885 2234 1080 2309 continentia,
1107 2254 1170 2299 nou
1189 2256 1239 2300 se·

73 2339 105 2384 so
126 2341 180 2386 cus
201 2331 289 2403 atque
312 2322 496 2405 cupiditatis:
517 2330 547 2385 et
567 2324 648 2404 quod
671 2331 774 2385 contra
791 2323 865 2385 iram
884 2321 1010 2385 animive
1028 2322 1174 2403 impetum
1195 2324 1239 2399 lit,

123 2410 156 2472 id
178 2411 338 2473 molestum
360 2418 421 2473 est:
449 2418 479 2472 et
500 2409 641 2473 cohihere
662 2409 737 2473 iram
757 2409 830 2472 nihil
851 2410 931 2472 aliud
952 2429 1019 2472 esse
1045 2411 1163 2473 ridetur
1181 2411 1238 2474 uisi

123 2498 183 2559 rim
201 2497 277 2559 irato
299 2498 422 2560 afferre:
446 2515 527 2576 erge
551 2499 577 2559 si
589 2497 629 2571 id,
651 2498 731 2578 quod
749 2497 879 2577 pervim
895 2496 1030 2571 efficitur,
1053 2499 1239 2561 uon-volun·

124 2584 231 2649 tarium
248 2594 302 2659 est,
325 2584 524 2666 quodcunque
541 2586 577 2648 ab
594 2585 638 2646 ira
657 2585 704 2647 rel
719 2586 809 2648 animi
826 2586 944 2648 terrore
962 2585 1021 2659 liat,
1040 2586 1238 2648 voluntarium

125 2672 284 2736 dicendum
300 2673 364 2734 erit
409 2672 531 2735 Videtur
548 2681 647 2735 autern
671 2673 758 2735 etiam
774 2672 939 2736 Heraclitus
957 2673 994 2735 ad
1012 2672 1070 2734 vim
1088 2673 1150 2736 irae
1167 2692 1238 2755 spe·

126 2767 209 2822 ctans
232 2759 349 2834 dicere,
378 2778 440 2823 non
462 2779 554 2841 posse
573 2760 599 2822 ei
617 2759 716 2822 resisti
737 2759 795 2822 nisi
816 2779 883 2824 cum
905 2761 1009 2822 dolore
1034 2767 1064 2821 et
1085 2761 1237 2823 molestia:

127 2847 275 2929 „difficile
293 2852 368 2919 est,“
390 2847 494 2928 inquit,
518 2851 842 2928 „praenecessarium
864 2866 935 2910 num
952 2850 1053 2910 animo
1072 2852 1139 2910 emit
1159 2849 1238 2930 quod

77 2951 107 2996 as
123 2939 229 3016 petir‘.
273 2934 361 3008 Quod
388 2934 413 2996 si
433 2935 497 2998 lieri
515 2954 578 2997 uon
595 2942 696 3017 potest
715 2942 748 2996 ut
773 2934 853 2997 idem
877 2934 980 2996 volens
998 2933 1087 2995 simul
1111 2944 1141 2996 et
1159 2935 1237 2998 inri-

125 3031 173 3086 tus
194 3020 224 3084 id
242 3021 322 3101 quod
344 3020 382 3083 ad
405 3023 534 3085 eundem
555 3022 600 3084 rei
620 3022 777 3085 articulum
799 3020 947 3103 pertineat
971 3019 1073 3092 iaciat,
1100 3021 1237 3084 volunta·

124 3109 202 3173 rium
231 3107 262 3170 id
290 3107 390 3190 potius
407 3108 576 3173 dicendum
606 3110 677 3182 erit,
711 3109 791 3190 quod
813 3110 964 3171 voluntate
992 3107 1059 3180 liat,
1087 3127 1175 3190 quam
1194 3109 1236 3185 id,

124 3196 205 3278 quod
227 3195 387 3277 cupiditate
410 3204 440 3259 et
463 3197 507 3260 ira
532 3198 579 3259 vel
602 3196 691 3260 animi
713 3198 830 3259 fervore
852 3197 912 3258 fiat.
955 3194 1028 3257 Nam
1050 3213 1122 3259 sane
1143 3196 1236 3259 multa

126 3283 248 3346 tacimus
269 3283 403 3346 volentes
425 3283 490 3347 sine
512 3284 556 3346 ira
576 3292 607 3346 et
628 3283 797 3365 cupiditate.

213 3371 313 3433 Restat
333 3371 425 3451 igitur
440 3380 474 3434 ut
493 3372 644 3434 rideamus
661 3390 734 3434 num
755 3371 835 3435 idem
853 3371 892 3433 sit
912 3369 953 3443 id,
971 3370 1051 3450 quod
1066 3369 1137 3435 velit
1155 3370 1236 3452 quis·

127 3457 216 3540 piam,
239 3466 269 3521 et
289 3458 330 3531 id,
349 3460 430 3539 quod
447 3458 534 3521 iaciat
554 3478 607 3523 sua
619 3466 744 3540 sponte.
786 3459 895 3522 Verum
916 3476 955 3520 ne
972 3458 1031 3520 hoc
1053 3457 1173 3538 quidem
1192 3459 1238 3522 vi·

78 3558 107 3604 au
126 3547 222 3608 detur.
262 3545 396 3610 Positum
414 3546 494 3610 euim
520 3555 566 3609 est
586 3566 603 3608 a
622 3546 711 3610 nohis
731 3554 761 3608 et
783 3546 900 3609 ridetur
922 3544 1075 3619 omnihus,
1094 3545 1237 3610 vitiosita-

125 3641 185 3695 tem
215 3635 312 3696 sacer'e
341 3633 527 3697 iniustiores:
555 3634 768 3697 incontinentia
797 3642 895 3697 autem
921 3632 1065 3696 vitiositas
1092 3634 1237 3715 quaedam

124 3719 250 3783 ridetur.
293 3721 353 3784 Sed
375 3721 427 3783 ubi
453 3722 618 3784 accuratius
639 3721 821 3794 intenderis,
853 3720 1034 3785 contrarium
1055 3739 1112 3785 usu
1134 3723 1237 3804 renue

123 3806 286 3888 intelliges:
308 3808 371 3870 vult
390 3809 471 3872 enim
496 3827 602 3882 nemo,
624 3829 698 3890 quae
719 3818 803 3892 putat
821 3828 888 3872 esse
907 3810 998 3872 mala:
1027 3810 1081 3871 sed
1101 3809 1171 3872 lacit
1191 3818 1237 3872 ta·

122 3913 191 3958 men
213 3895 306 3968 mala,
338 3915 428 3977 quum
454 3896 564 3960 exstitit
590 3897 788 3960 incontinens.
845 3897 876 3958 Si
897 3896 987 3976 igitur
1006 3895 1116 3958 iniuste
1137 3897 1238 3960 lacero

122 3982 321 4045 voluntarium
339 3991 401 4056 est,
420 3985 450 4046 id
471 3992 570 4047 autem
593 3985 789 4047 voluntarium
811 3991 871 4055 est,
903 3984 983 4063 quod
1013 3982 1163 4049 voluntate
1186 3984 1236 4045 fit:

76 4080 106 4125 ⁸⁸
123 4069 184 4143 ille,
208 4069 257 4151 qui
276 4069 466 4134 incontinens
488 4072 606 4145 exstitit,
640 4091 701 4134 non
720 4071 847 4152 amplius
861 4070 970 4134 iniuste
989 4069 1085 4143 saciet,
1107 4071 1161 4134 sed
1181 4072 1238 4133 erit

121 4157 228 4219 iustior
255 4176 341 4239 quam
370 4159 425 4221 luit
450 4167 519 4222 ante
545 4178 631 4241 quarn
661 4158 772 4222 exstitit
791 4157 990 4221 incontinens.
1040 4157 1104 4221 lloc
1136 4166 1235 4224 autem

123 4244 188 4306 lieri
207 4245 320 4324 nequit.

207 4331 309 4413 ltaque
330 4334 529 4398 voluntarium
552 4353 613 4399 non
637 4353 703 4398 esse
725 4334 767 4409 id,
791 4331 871 4417 quod
891 4330 1076 4416 appetitione
1097 4335 1157 4408 liat,
1178 4352 1237 4398 uec

119 4437 191 4487 reso
214 4438 275 4495 uon
297 4421 495 4488 voluntarium
513 4423 560 4498 id,
591 4423 671 4509 quod
690 4431 794 4488 contm
813 4420 1029 4508 appetitionem
1052 4424 1120 4501 liat,
1141 4423 1237 4490 mani·
