2776 4836
528 248 603 322 Vll.
632 253 665 320 7.
695 247 728 321 8.
757 249 791 321 9.
1183 245 1260 326 323
1297 271 1313 288 ⁸

63 444 289 519 mnaepqtetere
310 446 420 519 potest,
444 448 476 501 ut
494 442 527 501 llt
547 439 576 501 in
594 441 714 502 lromine
735 440 970 517 incontinente)‚
991 459 1093 502 verum
1116 440 1203 520 etiam
1227 443 1257 504 iu

135 525 277 588 ,masiliis
300 533 330 610 ct
351 526 380 588 in
404 525 465 600 nis,
498 547 573 608 quae
592 528 744 608 proposita
769 528 912 600 habeant,
940 527 1062 589 eosdem
1084 529 1258 609 conspirare

145 633 269 675 neeesse
290 622 343 674 est.
383 615 485 695 ltaque
503 615 532 675 in
550 615 619 675 viris
635 616 721 676 bouis
736 616 895 676 concordia
913 615 1061 676 cernitur:
1079 634 1148 676 nam
1164 617 1257 697 pravi,

145 720 236 780 quum
254 701 358 763 eadem
380 702 534 783 proposita
551 703 659 763 liabent
681 712 708 764 et
730 704 955 782 concupiscunt,
979 702 1057 764 inter
1072 721 1105 763 se
1127 703 1257 764 laedunt.

211 788 334 850 Videtur
353 797 450 872 autem
471 790 640 863 concordia,
662 791 910 872 quemadmodum
931 790 1018 852 etiam
1038 789 1172 864 amicitia,
1196 811 1258 857 non

146 893 205 936 uno
229 876 319 937 modo
340 876 413 949 dici,
437 878 490 938 sed
513 878 635 938 aliaest
656 879 750 958 prima
772 896 807 938 ao
828 897 897 939 vera
915 877 963 939 illa
983 877 1158 951 concordia,
1183 899 1258 959 quae

99 969 128 1014 Ἃ
147 965 253 1024 natura
273 965 398 1025 honesta
426 973 455 1025 et
477 965 570 1046 prolia
595 975 656 1026 est:
688 985 774 1045 quam
805 965 829 1026 si
853 973 1040 1045 spectamus,
1068 965 1162 1026 malos
1186 986 1259 1026 con-

147 1050 271 1111 cordare
293 1071 383 1131 posse
403 1071 560 1130 negamus:
582 1053 637 1113 alia
656 1053 704 1114 illa
728 1061 782 1126 est,
804 1073 839 1114 ex
863 1072 919 1132 qua
939 1052 1026 1114 etlam
1045 1052 1112 1114 mali
1132 1072 1258 1114 coneor-

147 1136 234 1210 dant,
266 1157 356 1218 quum
380 1140 518 1201 videlieet
546 1159 648 1201 rerum
678 1142 848 1202 earumdem
873 1140 995 1201 consilia
1023 1139 1258 1222 cupiditatesque

145 1224 264 1286 habent.
304 1227 411 1288 Verum
428 1229 501 1288 haec
517 1229 688 1289 earumdem
707 1248 808 1290 rerum
827 1228 971 1308 appetitio
989 1228 1054 1288 talis
1074 1246 1140 1289 esse
1159 1229 1257 1301 debet,

145 1320 179 1372 ut
194 1313 261 1384 hoo,
282 1314 361 1392 quod
381 1321 533 1394 appetant,
555 1315 645 1396 potiri
661 1317 747 1377 ambo
769 1314 820 1392 [illi
837 1315 1013 1392 concordes]
1034 1322 1152 1395 queant.
1184 1315 1258 1376 Nam

145 1397 171 1458 si
188 1399 279 1461 talem
296 1420 360 1462 rem
383 1410 533 1482 expetant,
556 1422 612 1482 qua
635 1423 729 1483 aeque
751 1411 877 1482 uterque
900 1402 989 1483 potiri
1012 1420 1073 1463 nou
1095 1402 1200 1482 possit,
1222 1404 1258 1464 lis

98 1497 129 1541 st
147 1494 177 1546 et
198 1494 350 1550 certamen
373 1489 483 1550 oritur:
504 1490 583 1570 atqui
606 1510 621 1551 a
640 1491 837 1552 concordibus
857 1489 1017 1551 certamina
1037 1497 1066 1550 et
1083 1489 1151 1552 lites
1168 1490 1258 1569 longe

145 1574 262 1639 abstuti.
302 1575 381 1638 Talis
403 1585 449 1637 est
471 1578 639 1650 concordia,
660 1598 750 1657 quum
773 1577 902 1657 exempli
917 1576 1009 1657 gratia
1028 1577 1065 1638 de
1087 1577 1257 1656 magistratu

144 1662 313 1725 mandando
334 1665 437 1725 eadem
459 1665 607 1726 sententia
629 1666 735 1726 civium
755 1674 817 1738 est,
848 1685 908 1726 non
932 1674 965 1725 ut
984 1664 1112 1744 imperet
1133 1672 1258 1744 uterque

145 1749 262 1826 [eorum
281 1751 397 1824 cisium,
421 1752 470 1832 qui
493 1753 697 1830 concordantl,
719 1755 772 1814 sed
791 1755 825 1815 ut
846 1753 974 1831 imperet
993 1751 1072 1813 idem
1096 1751 1154 1829 [eui
1175 1759 1258 1813 uter·

145 1856 204 1916 qus
223 1837 342 1900 illorum
363 1839 469 1901 civium
485 1840 689 1919 magistratum
704 1841 838 1902 mandari
859 1840 940 1917 vnltl.
978 1839 1080 1917 ltaque
1098 1839 1258 1900 eoncordia

145 1924 270 1986 amicitia
292 1928 435 2008 quaedam
455 1927 548 1989 civilis
570 1935 624 1989 est.
670 1927 819 1989 Hactenus
841 1927 878 1988 de
900 1925 1108 1988 benevolentia
1132 1937 1162 1988 et
1184 1945 1277 1989 con·-

146 2012 256 2073 cordia.

217 2101 377 2172 Quaeritur
394 2109 493 2163 autem
516 2107 565 2184 qui
585 2106 651 2174 liat,
680 2109 711 2163 ut
734 2102 768 2174 ii,
799 2101 847 2181 qui
870 2101 901 2162 in
932 2100 1005 2161 alios
1020 2099 1164 2176 beneficia
1185 2121 1257 2163 con-

148 2186 296 2262 tulerunt,
323 2191 379 2250 hos
400 2190 576 2272 plerumque
608 2191 811 2251 vehementius
836 2208 939 2250 amare.
957 2188 1089 2260 soleant,
1119 2208 1207 2268 quam
1229 2188 1257 2263 ii,

144 2273 273 2353 inques
301 2277 446 2338 beneficia
470 2280 574 2340 collata
597 2286 684 2350 sunt,
713 2283 814 2337 ament
838 2283 976 2336 auctores
1000 2275 1119 2338 illorum
1142 2277 1258 2338 heneti-

146 2361 274 2424 ciorum:
306 2384 395 2444 quum
415 2373 515 2428 tamen
538 2365 719 2427 eontrarium
737 2364 848 2425 iustum
872 2372 901 2424 et
921 2359 1136 2442 aequum'esse
1159 2364 1258 2426 videa-

146 2457 203 2510 tur.
242 2451 331 2514 Cuius
353 2452 396 2513 rei
420 2473 536 2515 eausam
558 2453 664 2514 dixerit
687 2454 812 2539 sortasse
835 2449 980 2531 quispiam
1002 2450 1034 2512 in
1054 2451 1153 2512 studio
1177 2472 1258 2513 com·

144 2537 273 2600 mediet
292 2540 422 2602 utilitatis
438 2541 578 2622 propn'ae
595 2561 660 2602 esse
679 2540 823 2620 positam:
846 2558 914 2600 nam
935 2545 1039 2599 auctor
1056 2539 1191 2600 beneficii
1214 2548 1260 2601 est

145 2624 239 2686 instar
260 2628 441 2701 creditoriS,
460 2629 506 2690 oui
531 2629 689 2700 debeatur,
719 2628 794 2688 alter
814 2633 913 2688 autem
935 2625 1028 2687 lustau
1054 2625 1213 2698 debitoris,
1242 2647 1258 2688 a

145 2732 205 2792 quo
228 2733 337 2776 nomen
362 2715 584 2778 dissolvendum
601 2715 648 2776 sit.
684 2715 786 2794 Neque
807 2722 904 2776 tamen
925 2714 999 2775 liaeo
1019 2714 1082 2774 sola
1100 2724 1258 2786 causaest,

146 2819 249 2862 verum
271 2802 357 2864 altius
378 2823 413 2865 ex
436 2804 501 2884 ipsa
525 2822 625 2864 rerum
647 2810 751 2864 natura
772 2801 936 2881 repetenda
958 2807 1011 2860 est.
1048 2800 1161 2879 Nempe
1183 2802 1258 2863 actio

63 2894 179 2951 uiuet
199 2890 333 2968 operatio
355 2910 406 2952 res
427 2890 626 2972 praestantior
646 2898 705 2951 est:
729 2889 829 2968 operis
849 2885 946 2949 elleeti
968 2893 1067 2948 autem
1086 2895 1116 2947 et
1135 2887 1259 2950 actionis

146 2976 251 3036 eadem
273 2978 347 3039 ratio
370 2986 431 3039 est:
458 2979 508 3058 qui
527 2985 626 3040 autem
647 2975 793 3038 beneficio
816 2981 938 3035 orriatus
962 2980 1022 3045 est,
1046 2972 1072 3034 is
1091 2992 1147 3052 pro
1166 2993 1259 3055 opere

146 3063 274 3141 quodam
297 3065 377 3137 eius,
407 3066 457 3146 qui
475 3065 600 3127 eontulit
621 3063 815 3133 benellcium,
845 3061 980 3123 hahetur.
1024 3061 1088 3132 Qua
1114 3060 1151 3120 de
1172 3081 1259 3124 causa

146 3149 234 3210 etiam
251 3150 280 3211 in
299 3153 474 3215 animalibus
494 3152 624 3214 studium
641 3152 803 3213 liberorum
820 3167 910 3227 quum
929 3147 1178 3224 generandorum,
1196 3157 1259 3212 tum

146 3240 418 3301 conservandorum
441 3239 632 3320 conspicitur.
679 3238 775 3317 Atque
795 3242 894 3297 amant
914 3241 1014 3314 patres
1036 3234 1146 3296 liberos
1168 3238 1259 3298 vehe-

111 3341 127 3384 o
145 3326 276 3388 mentius
298 3347 386 3407 quam
406 3335 542 3389 amantur
562 3345 579 3386 a
600 3325 715 3397 liberis,
739 3333 770 3385 et
789 3329 898 3384 matres
921 3339 1025 3382 rursus
1047 3321 1169 3383 eosdem
1192 3323 1259 3384 dili-

143 3416 218 3490 grmt
237 3415 458 3487 vehementius,
486 3433 573 3494 quam
597 3420 712 3492 patres:
744 3419 774 3472 et
790 3409 876 3471 liberi
899 3427 1003 3471 rursus
1022 3428 1105 3471 suam
1124 3411 1258 3472 sobolem

144 3500 249 3562 maiori
278 3502 397 3564 cantate
429 3509 652 3583 prosequuntur
681 3519 769 3578 quam
793 3504 933 3578 parentes
960 3514 1047 3568 suos,
1086 3495 1153 3576 quia
1182 3497 1258 3560 actio
1339 3539 1345 3546 -

146 3589 432 3667 praestantissimum
452 3597 512 3651 est:
532 3596 641 3649 matres
656 3595 754 3648 autem
772 3585 925 3647 ardentius
939 3603 1027 3663 qium
1046 3591 1145 3664 patres
1161 3592 1261 3646 amant

144 3675 273 3749 liberos,
302 3677 369 3757 quia
388 3678 481 3738 inulto
502 3667 594 3754 magis
619 3674 802 3744 existimant,
833 3673 944 3734 liberos
968 3690 1035 3734 esse
1060 3691 1137 3752 opus
1155 3690 1258 3735 suum:

146 3781 213 3823 uanr
233 3764 404 3826 dillicnltate
426 3784 502 3844 opus
521 3763 707 3824 metiuntur:
727 3761 794 3840 plus
811 3768 909 3822 autem
927 3759 957 3820 ln
978 3761 1149 3838 generando
1173 3760 1259 3822 labo-

147 3861 193 3910 rat
213 3860 316 3914 ruater.

100 3954 128 3997 m
234 3939 383 4000 llactenus
412 3940 448 4000 de
474 3932 600 4000 amicitia
628 3946 658 3998 et
683 3957 733 4008 ea,
769 3954 843 4014 (quae
870 3941 915 3994 est
943 3933 1115 4012 unicuique
1130 3951 1198 4011 erga
1226 3951 1259 3994 se

146 4026 253 4106 ipsum,
266 4034 305 4087 'et
327 4046 370 4099 ea,
395 4046 469 4107 quac
489 4026 567 4087 inter
590 4026 691 4105 plures
710 4021 846 4084 lronnues
867 4027 920 4081 est.

124 4109 147 4177 0
234 4114 294 4176 Sed
314 4113 430 4175 videtur
452 4112 540 4174 etiam
563 4113 683 4182 loretum,
706 4108 814 4188 aliquid
834 4107 965 4188 aciprale,
986 4106 1117 4185 itemque
1135 4103 1258 4167 amicitia

146 4219 205 4263 uon
226 4200 291 4262 sine
311 4201 486 4280 aequalitate
507 4220 589 4271 esse,
613 4199 669 4259 nisi
691 4205 802 4258 temere
827 4194 934 4255 dicitur
956 4196 1094 4274 „peritos
1113 4197 1256 4256 ecrites“.

148 4289 260 4350 Omnes
278 4296 376 4350 autem
398 4288 546 4349 civitatum
566 4289 678 4348 lorurae
699 4282 815 4363 species
833 4281 977 4360 quaedam
999 4279 1072 4341 iusti
1089 4288 1174 4342 sunt:
1191 4297 1258 4342 nam

100 4392 128 4437 aa
147 4375 244 4438 omnis
263 4376 363 4438 civitas
379 4384 426 4436 est
442 4374 652 4436 communitas:
676 4389 764 4432 omne
781 4387 939 4431 commune
957 4374 1056 4431 autern
1078 4387 1134 4448 per
1150 4367 1259 4431 iustum

147 4462 326 4527 continetur.
371 4464 487 4537 Quare,
516 4469 590 4542 quot
611 4467 681 4522 suut
700 4457 818 4538 speeies
838 4454 1000 4528 amicitiae,
1019 4460 1064 4516 tot
1081 4463 1152 4518 suut
1173 4455 1260 4518 etiam

987 4557 1059 4618 2¹*

98 2092 127 2135 85

102 2147 125 2214 8
