2776 4836
532 226 605 300 Vll.
633 226 667 300 d.
695 224 732 300 4.
1152 218 1231 302 317

64 408 119 466 11
208 415 285 478 Tres
306 416 396 494 igitur
417 414 564 476 habentur
583 415 727 480 amicitiae
748 415 882 496 species,
911 415 941 475 in
965 414 1071 495 quibus
1094 398 1231 478 omnilius

95 464 303 586 ⁸aequalitatis
333 502 486 565 cuiusdam
515 503 629 564 ratione
658 503 801 566 amicitiae
823 521 932 564 nomen
957 510 1134 583 usurpatur:
1163 522 1231 564 narn

119 591 208 654 311333
224 591 285 663 illi,
309 591 359 670 qui
382 593 420 653 ob
442 591 581 652 virtutem
603 593 689 654 amici
710 599 794 662 sunt,
817 589 931 652 31313113
954 590 1079 670 quadam
1102 590 1232 671 aequali-

119 686 180 741 tate
197 677 283 740 amici
300 686 379 740 sunt.
424 678 484 739 Sed
508 686 553 739 est
570 679 625 740 alia
648 680 735 745 etiam
759 678 940 750 differentia,
970 677 994 739 si
1016 678 1160 740 rationem
1179 679 1232 740 lra-

65 776 68 781 ·
117 767 225 829 bemus
244 766 484 828 excellentiarum
504 765 637 840 illarum,
663 785 738 849 quae
759 784 849 845 saepe
873 765 903 826 in
925 764 1058 827 amicitiis
1080 764 1231 828 observari

119 859 264 936 possunt,
295 852 388 932 qualis
412 853 601 925 excellentia,
632 854 733 915 delet
761 851 888 914 lrcminis
916 852 1025 914 virtute
1052 861 1231 934 comparata,

120 941 227 1003 elucet
258 939 414 1003 'Nimirum
436 942 510 1002 haec
533 948 578 1002 est
596 942 686 1003 altera
705 939 849 1002 amicitiae
869 938 995 1019 specics,
1018 940 1113 1020 qualis
1135 940 1231 1003 estin

66 1038 102 1084 a·
120 1028 292 1090 universum
314 1027 439 1090 amicitia
467 1028 630 1108 superioris
653 1036 683 1090 et
707 1027 872 1099 interimis,
902 1026 1075 1108 imperantis
1103 1028 1230 1098 eteius,

74 1120 78 1127 ’
121 1115 172 1196 qui
194 1124 279 1196 paret
300 1115 436 1196 imperio,
457 1115 535 1177 haud
556 1134 642 1178 secus
658 1124 746 1196 atque
763 1116 809 1176 ius
829 1115 1043 1194 quoque-inter
1060 1117 1116 1176 lros
1135 1115 1233 1177 diver·

120 1221 189 1264 sum
209 1210 271 1264 est:
294 1221 392 1283 neque
415 1203 494 1265 enirn
516 1222 651 1273 numero,
670 1202 724 1265 sed
741 1201 937 1283 proportione
954 1200 999 1263 ius
1022 1209 1052 1264 et
1072 1202 1233 1284 aequalitas

118 1290 227 1352 homin
246 1290 358 1351 nititur.
398 1292 464 1363 Quo
489 1290 518 1351 in
539 1309 649 1368 genere
672 1297 718 1373 est
735 1288 861 1352 amicitia
882 1287 974 1369 patris
996 1295 1026 1350 et
1048 1289 1109 1364 lilii,
1132 1299 1162 1352 et
1184 1309 1232 1352 ra·

118 1377 162 1440 tio
185 1376 248 1439 eius
270 1377 413 1450 lrominis,
442 1377 492 1456 qui
513 1378 589 1439 bene
614 1379 651 1439 de
673 1379 767 1440 altero
789 1376 913 1439 meritus
936 1384 999 1449 est,
1025 1384 1114 1458 atqtm
1135 1377 1231 1451 liuius,

117 1464 151 1526 in
177 1483 265 1544 quem
290 1465 434 1526 beneficia
463 1464 547 1545 prior
574 1464 625 1526 ille
655 1464 787 1527 contulit.
844 1464 952 1525 Vemnr
980 1464 1084 1525 herum
1113 1484 1231 1546 quoque

116 1550 311 1615 amicitiarum
332 1553 475 1633 quaedam
495 1552 659 1614 differentia
679 1561 732 1615 est.
777 1549 840 1614 ntia
863 1558 909 1612 331
930 1551 1119 1613 necessitudo
1138 1552 1231 1634 patris

117 1647 151 1701 31
171 1639 238 1711 lilii,
265 1640 320 1701 alia
341 1640 438 1702 mariti
462 1647 491 1702 et
506 1640 622 1701 uxoris:
651 1640 800 1721 posterior
827 1647 873 1700 est
895 1640 958 1700 1333
976 1638 1079 1700 similis
1099 1640 1231 1712 necessi·

66 1738 99 1783 313
120 1725 216 1788 tudini
235 1725 307 1800 3133,
329 1727 379 1808 qui
398 1735 512 1806 regnat,
539 1727 658 1800 eteius,
682 1727 731 1808 qui
749 1726 876 1808 imperio
893 1725 1029 1788 subditus
1049 1734 1109 1788 est:
1138 1727 1230 1808 patris

116 1820 150 1876 31
167 1813 219 1876 lilii
239 1815 428 1877 necessitudo
450 1814 574 1876 similior
593 1814 699 1876 rationi
721 1815 845 1885 horum,
873 1832 1000 1895 quorum
1024 1814 1099 1876 alter
1116 1815 1228 1877 henefi-

114 1901 312 1964 3133133133
334 1911 388 1974 est,
409 1903 484 1965 alter
505 1901 658 1965 beneflciis
679 1901 784 1964 allecit.
932 1965 937 1972 ,

184 1989 217 2050 13
239 1989 407 2051 huiusmodi
427 1997 526 2051 autem
556 1989 690 2051 amicitiis
712 1997 763 2050 aut
793 1987 915 2050 omnino
940 2007 1001 2051 333
1032 1988 1177 2067 contingit
1199 1998 1232 2051 ut

94 2083 222 2139 -ament
242 2085 330 2159 atque
348 2077 514 2148 reclament,
537 2084 588 2138 aut
606 2086 686 2138 certe
707 2095 768 2137 non
790 2077 823 2136 lit
844 2075 907 2154 pari
930 2078 1029 2138 modo.
1060 2076 1231 2147 1131331311-

116 2164 332 2234 33131333331,
358 2164 382 2225 si
405 2164 470 2244 quis
491 2165 685 2244 exprobraret
706 2164 779 2236 deo,
808 2163 888 2243 quod
907 2181 968 2224 non
991 2163 1120 2244 pariter,
1142 2172 1230 2246 atque

116 2253 192 2313 deus
211 2269 227 2312 a
249 2271 282 2313 sc
303 2260 434 2324 ametur,
466 2251 531 2332 ipse
553 2272 569 2313 a
592 2252 648 2314 deo
672 2250 858 2321 redametur,
887 2249 933 2311 331
953 2250 977 2311 31
999 2250 1128 2331 principi
1150 2251 1229 2315 idem

117 2337 233 2401 crimini
264 2347 358 2402 333131
386 2339 522 2401 subditus
550 2339 685 2420 impen'c.
737 2339 809 2400 Nam
828 2355 955 2418 aequum
978 2345 1023 2398 est
1048 2337 1176 2420 principi
1199 2347 1231 2401 ut

115 2434 243 2500 3333133,
266 2447 326 2489 333
350 2435 383 2489 31
399 2435 486 2498 amet,
509 2435 559 2488 aut
578 2436 658 2490 certe
676 2435 710 2490 ut
727 2435 806 2490 amet
827 2425 884 2488 elio
905 2425 1004 2487 modo.
1046 2426 1229 2505 Quamquam

67 2532 95 2576 33
116 2515 154 2576 ad
166 2514 348 2595 voluptatem
360 2515 440 2595 quod
458 2514 572 2588 attinet,
586 2516 688 2577 eadem
703 2516 767 2577 1333
777 2516 914 2594 33133133
927 2519 981 2585 331,
997 2531 1085 2594 quam
1102 2510 1246 2594 cpulen·‘

118 2608 167 2663 tus
184 2621 219 2664 ex
237 2621 271 2665 re
285 2622 338 2664 sua
358 2610 409 2664 331
430 2603 536 2682 [33133]
559 2603 651 2664 elilio
667 2621 723 2664 suo
739 2603 827 2683 capit,
850 2609 939 2682 atque
961 2600 1020 2675 illa,
1043 2620 1119 2682 quae
1135 2619 1230 2680 egeno

118 2708 177 2769 per
196 2708 239 2762 33,
260 2709 335 2770 quae
354 2689 536 2769 adipiscitur,
559 2697 688 2770 paratur.
728 2689 837 2753 Eadem
853 2688 927 2750 ratio
947 2696 993 2751 est
1011 2708 1101 2770 quum
1117 2707 1231 2762 eorum,

119 2777 171 2855 qui
193 2777 232 2837 ob
256 2777 420 2849 utilitatem,
442 2784 505 2839 tum
528 2796 642 2847 eorum,
663 2778 713 2856 qui
731 2777 769 2839 oh
787 2777 968 2856 voluptatem
986 2775 1141 2838 amicitiam
1159 2795 1232 2838 333-

118 2864 256 2925 trahunt:
286 2882 353 2926 nam
372 2866 480 2926 horum
503 2883 620 2944 quoque
643 2864 768 2925 amicitia
792 2864 899 2945 partim
922 2863 1052 2944 aequalis
1072 2870 1133 2935 est,
1161 2882 1231 2943 par-

120 2950 173 3013 tim
197 2950 279 3023 talis,
307 2959 340 3013 ut
369 2952 444 3013 alter
465 2951 576 3013 amicus
598 2970 691 3031 super
718 2951 844 3013 alterum
872 2949 1005 3011 excellat
1049 2948 1122 3011 lude
1144 2950 1232 3011 litut

120 3037 228 3111 milli,
259 3038 308 3118 qui
331 3038 463 3100 utilitatis
489 3057 543 3120 spe
567 3046 685 3100 mutuae
714 3037 768 3099 sibi
799 3036 944 3099 conciliati
970 3043 1057 3109 suot,
1088 3055 1178 3117 quum
1197 3057 1230 3099 se

119 3144 207 3208 pares
229 3134 259 3187 31
285 3127 373 3207 31333
400 3126 537 3207 aequales
559 3145 624 3186 esse
647 3124 842 3196 arbitrentur,
874 3123 1080 3203 expostulent,
1111 3124 1229 3203 quando

68 3228 98 3274 33
119 3232 181 3276 333
205 3213 318 3275 exsistit
336 3231 392 3294 par
412 3213 561 3294 utrimque
581 3212 702 3273 utilitas:
730 3219 760 3273 et
780 3221 812 3274 ut
834 3209 899 3291 pari
921 3210 1011 3272 modo
1032 3210 1084 3283 illi‘,
1106 3211 1155 3291 qui
1176 3230 1230 3272 vc-

119 3300 240 3382 luptatis
271 3320 358 3364 causa
379 3300 537 3363 amicitiam
565 3305 792 3372 contraxerunt,
821 3298 945 3376 litigent.
993 3297 1057 3359 lloc
1077 3298 1229 3379 apertissi-

118 3407 200 3450 mum
222 3389 315 3450 estin
342 3387 431 3450 rebus
449 3387 613 3450 amatoriis:
636 3386 676 3448 ibi
701 3386 780 3448 eninr
803 3384 917 3447 diversa
942 3384 1102 3448 amantium
1124 3385 1230 3447 condi-

119 3475 160 3537 tio
192 3476 282 3538 ellicit
306 3483 340 3538 31
362 3482 494 3538 amantes
521 3493 611 3555 saepe
638 3474 718 3535 inter
744 3493 777 3534 se
807 3472 949 3535 rixentur.
1005 3472 1125 3552 lgncrat
1150 3473 1230 3535 onim

118 3571 250 3635 amator,
281 3564 412 3626 diversas
441 3562 496 3624 sibi
526 3581 592 3623 esse
614 3561 745 3623 rationes
776 3559 915 3623 desiderii
941 3560 1084 3623 amatorii.
1127 3561 1230 3641 ltaque

118 3650 199 3712 rixae
224 3651 269 3711 vel
301 3651 440 3732 querelae
462 3669 579 3712 causatu
603 3669 635 3710 33
667 3649 707 3727 [13
732 3649 819 3711 amati
840 3648 939 3711 serbis
960 3649 1008 3711 331
1029 3643 1125 3728 lictis]
1146 3649 1230 3711 iure·

120 3737 184 3799 nire
203 3744 297 3818 putat,
316 3745 347 3799 et
366 3737 508 3800 amasium
530 3738 678 3818 vituperat
693 3736 798 3799 talibus
818 3736 920 3799 dictis:
939 3737 1230 3809 ,1333333333333

103 3829 154 3894 ,113
176 3825 377 3887 3331333311
408 3824 476 3902 [hcc
498 3832 553 3897 est,
573 3824 598 3886 si
616 3843 664 3887 me
686 3821 811 3897 amares,
830 3823 918 3887 bonis
940 3824 1038 3886 verbis
1060 3823 1228 3901 utereris“].

117 3911 261 3973 Nimirum
281 3920 413 3974 amantes
430 3911 471 3972 illi
487 3911 617 3973 rationes
633 3912 787 3992 utriusque
809 3911 934 3974 amantis
951 3911 1068 3973 easdem
1089 3929 1155 3972 esse
1179 3930 1231 3994 ex·

114 3997 254 4060 istimant.

69 4085 117 4138 2⁰⁴
199 4087 298 4161 Quum
327 4079 415 4165 igitur
444 4092 505 4147 tres
527 4084 587 4146 sint
607 4087 750 4148 amicitiae
771 4084 905 4168 species,
939 4092 1030 4168 prout
1051 4102 1116 4149 3331
1138 4084 1231 4148 313133

91 4131 165 4236 4331
190 4173 300 4235 utilitas
321 4174 367 4234 331
392 4173 528 4255 33133133
557 4173 652 4253 parit,
685 4176 740 4235 hac
769 4182 831 4236 tres
860 4173 977 4256 species
1005 4188 1109 4234 rursus
1130 4172 1230 4236 distri-

118 4259 252 4323 buuntur
277 4259 428 4322 bilariam:
453 4279 521 4323 nam
553 4260 659 4342 partim
678 4262 839 4341 aequalitas
861 4261 891 4324 io
914 4260 950 4323 iis
970 4267 1093 4340 regnat,
1122 4261 1230 4341 partim

118 4344 278 4409 eminentia
293 4348 436 4430 quaedam
455 4355 486 4411 et
500 4347 673 4410 excellentia
689 4348 810 4411 alterius
826 4348 911 4411 amici
927 4346 1119 4430 conspicitur.
1147 4348 1231 4422 Quae

116 4440 243 4523 uti-aque
263 4453 373 4519 genera
393 4435 504 4500 13313331
525 4435 645 4519 quidem
666 4454 776 4501 nomeu
798 4435 958 4503 amicitim:
982 4435 1039 4500 scd
1056 4452 1127 4499 3333
1144 4433 1230 4499 amici
