2784 4838
683 675 805 792 Vll.

147 958 235 1011 nant.
328 917 387 1005 De
402 941 537 1015 amicitia,
559 940 630 1022 quid
653 949 682 1003 et
704 942 790 1023 quale
809 941 856 1015 sit,
877 947 907 1001 et
920 938 987 1021 quis
1003 936 1115 1001 amiens
1130 936 1179 1012 sit,
1201 944 1234 999 et
1250 944 1344 1000 utrum

188 1046 215 1090 so
234 1050 294 1095 uno
315 1030 405 1093 modo
424 1030 538 1093 dicatur
557 1028 681 1091 amicitia
704 1048 742 1090 an
758 1028 903 1110 pluribus,
927 1034 966 1101 et,
987 1025 1013 1087 si
1033 1023 1179 1106 plurilms,
1202 1032 1279 1107 quot
1291 1024 1345 1087 sint

233 1120 296 1182 eius
318 1136 445 1197 genere,
472 1126 535 1178 turn
558 1135 617 1196 quo
636 1123 724 1197 paeto
740 1115 884 1177 utendum
907 1114 946 1175 sit
965 1112 1077 1186 amieo,
1101 1120 1229 1195 atquae
1248 1112 1345 1175 amiei-

234 1207 290 1268 tiae
309 1206 373 1267 iura
394 1205 469 1278 sint,
491 1202 693 1285 quaerendum
716 1211 761 1265 est
783 1222 845 1267 non
867 1220 954 1265 secus
977 1219 1065 1281 quam
1087 1200 1125 1263 de
1146 1198 1201 1273 iis,
1225 1218 1302 1281 qrrao
1318 1199 1345 1261 in

232 1292 366 1356 moribus
392 1293 518 1355 honesta
547 1297 577 1351 et
601 1291 768 1371 expetenda
799 1290 867 1351 sint.
911 1289 984 1350 Nam
1004 1296 1035 1351 et
1059 1285 1151 1349 civilis
1173 1287 1346 1369 prudentiae

235 1380 365 1442 officium
383 1379 430 1440 vel
447 1377 605 1440 maximum
629 1397 695 1439 esse
717 1377 835 1439 videtur
856 1394 1021 1458 provocare
1043 1374 1219 1448 amicitiam,
1241 1383 1273 1437 et
1292 1374 1346 1436 vir·

234 1475 328 1530 tutem
349 1467 426 1529 hano
449 1465 487 1527 ob
507 1483 624 1529 eausam
648 1465 751 1527 dieunt
772 1484 837 1526 esse
856 1464 975 1527 utilem:
997 1480 1066 1523 nam
1087 1462 1153 1525 lieri
1174 1480 1238 1523 non
1260 1480 1346 1544 posse
1387 1510 1389 1523 .

188 1568 217 1614 as
234 1562 268 1617 ut
289 1554 368 1615 inter
389 1571 422 1615 se
445 1552 505 1615 sint
526 1551 620 1625 amioi,
640 1552 664 1614 si
685 1552 734 1632 qui
752 1552 862 1614 mutuis
876 1571 908 1613 se
931 1548 1105 1649 lacessant
1097 1548 1222 1612 iniuriis.
1258 1548 1347 1613 Prae·

235 1639 379 1704 lerenius
401 1648 490 1720 atque
506 1639 643 1702 iniuriam
663 1639 693 1700 in
717 1638 816 1701 amicis
832 1638 958 1701 maxime
983 1634 1074 1710 cerni,
1096 1655 1202 1699 omnes
1223 1644 1345 1700 eonten-
1387 1668 1389 1735 l

234 1730 347 1792 dimus:
378 1726 554 1789 videturne
579 1726 658 1788 idem
682 1746 748 1788 esse
770 1726 815 1788 vir
837 1726 935 1788 bonus
955 1732 985 1787 et
1006 1722 1134 1787 amiens:
1163 1730 1193 1786 et
1221 1724 1389 1787 smieitia

234 1814 354 1879 moralis
368 1746 632 1915 quidamquabitus
655 1832 721 1875 esse
744 1813 875 1875 ridetur:
898 1833 933 1876 no
951 1812 975 1874 si
996 1811 1062 1894 quis
1080 1811 1152 1874 velit
1174 1812 1296 1875 efficere
1316 1820 1346 1873 ut

235 1923 272 1965 ne
296 1902 345 1984 qui
367 1901 480 1964 iniuriis
503 1919 570 1963 seso
593 1902 754 1974 lacessant,
784 1901 943 1963 suademus
968 1908 1002 1961 ut
1023 1918 1076 1962 eos
1096 1898 1204 1961 reddat
1222 1898 1345 1963 amieos:

188 2000 216 2045 so
234 2009 301 2052 nam
332 1988 391 2051 veri
422 1988 507 2050 amici
537 2008 597 2050 non
626 1988 758 2051 inlornnt
786 1988 841 2050 sibi
869 1986 1000 2050 iniurias.
1054 1986 1091 2048 Aa
1112 2005 1186 2049 vero
1210 1986 1299 2050 etiem
1324 1987 1345 2049 si

232 2075 450 2149 instituerint,
480 2095 542 2137 non
572 2076 701 2138 inserent
721 2075 867 2138 iniuriam.
917 2075 1017 2155 ltaque
1039 2081 1088 2137 aut
1117 2072 1198 2136 idem
1224 2094 1346 2158 prorsus

233 2175 283 2226 aut
309 2163 406 2225 affinia
436 2172 506 2225 sunt
533 2163 641 2225 iustitia
670 2171 700 2224 et
721 2161 855 2224 amicitia.
891 2160 936 2223 Ad
957 2163 1031 2225 haec
1051 2160 1082 2223 in
1104 2160 1243 2225 naumis
1262 2162 1345 2225 bouis

233 2251 359 2313 amioum
387 2268 595 2323 numeramus,
622 2259 724 2311 contra
754 2249 885 2330 inopiam
913 2248 1077 2312 amicorum
1104 2256 1135 2311 et
1156 2248 1345 2313 solitudinem

234 2337 437 2417 gravissimum
460 2337 570 2399 malum
593 2356 658 2399 esso
680 2337 830 2409 ducimus,
861 2335 928 2417 quia
946 2335 1004 2398 rita
1026 2344 1088 2397 tota
1113 2342 1145 2398 et
1165 2356 1199 2399 ea
1220 2356 1346 2400 eonsue-

235 2426 316 2497 tudo,
335 2443 409 2504 quae
427 2425 576 2486 voluntate
595 2432 696 2485 nostra
713 2424 871 2504 expetitur,
894 2442 960 2485 cunr
977 2422 1080 2486 amieis
1099 2430 1154 2485 est
1187 2422 1345 2487 Nemeum

147 2525 206 2581 lass,
214 2510 426 2573 similioribus
448 2510 495 2572 vel
518 2530 585 2572 oum
608 2511 739 2589 cognatis
760 2512 808 2572 vol
828 2530 895 2574 oum
913 2509 1065 2574 sodalibus
1083 2518 1211 2574 aeutem
1235 2512 1346 2591 agimus

234 2598 280 2660 vel
306 2615 373 2658 eum
396 2595 497 2658 liberis
527 2596 573 2658 vel
602 2617 668 2658 enm
696 2598 870 2678 parentibus
899 2597 945 2659 vel
977 2616 1043 2659 eum
1067 2596 1204 2679 coniuge.
1254 2599 1345 2679 dttpre

233 2686 297 2747 iura
316 2683 438 2765 privata,
457 2683 563 2765 quibus
583 2703 652 2763 erga
673 2685 809 2747 homines
831 2685 942 2747 anticos
964 2692 1092 2758 utamur,
1113 2686 1228 2749 soloin
1247 2695 1345 2749 nostra

234 2779 381 2853 potestate
404 2770 459 2832 sita
482 2780 566 2833 sunt:
594 2772 699 2851 qtaibus
717 2792 789 2834 roro
810 2791 879 2851 erga
901 2772 1033 2853 reliquos
1054 2779 1189 2847 utamur,
1218 2792 1254 2836 ea
1276 2774 1345 2855 legi-

226 2860 282 2922 bus
303 2858 414 2921 sancita
433 2878 467 2919 ac¹
489 2878 549 2920 nou
573 2857 724 2921 innostra
747 2867 894 2941 potestate
914 2868 992 2921 suut.

202 2960 216 3001 s
311 2947 419 3007 Verum
442 2946 543 3018 multa,
567 2964 641 3026 quae
660 2945 697 3007 ad
720 2946 876 3009 amicitiam
893 2946 1070 3028 pertineant,
1089 2945 1121 3009 in
1144 2948 1346 3011 controversia

231 3041 401 3095 versantur:
423 3052 458 3094 ao
481 3032 610 3113 primum
631 3033 750 3112 quidem
767 3033 924 3114 opiniones
942 3053 1055 3106 eorum,
1078 3034 1128 3115 qui
1144 3053 1260 3099 nomen
1276 3035 1345 3099 anti·

234 3121 319 3183 eitiae
338 3120 441 3181 latiore
460 3120 586 3201 quadam
603 3120 871 3200 comprehensione
887 3120 1045 3202 accipiunt.
1077 3121 1150 3185 tuis
1168 3122 1252 3187 enim
1266 3124 1346 3187 vide·

234 3215 282 3268 tur
304 3206 400 3268 simile
423 3206 510 3269 simili
532 3206 657 3268 amioum
682 3225 763 3269 esso:
786 3207 867 3270 arnde
890 3207 967 3270 diota
989 3208 1054 3270 illa:

349 3293 491 3373 „Seraper
508 3304 541 3355 nt
564 3295 603 3355 od
624 3294 727 3356 similis
744 3296 849 3357 similia
872 3294 978 3358 similis
1000 3299 1049 3358 oio
1068 3296 1156 3359 trost.

348 3379 424 3441 Nam
445 3391 662 3460 oonprepantnr
679 3383 799 3461 proculi
815 3402 882 3445 eum
896 3382 1039 3463 praesto.

349 3465 488 3549 Nooitqne
510 3470 565 3549 [ιιι
586 3471 686 3548 fatrem
708 3480 735 3531 et
756 3469 842 3550 lupata
860 3474 940 3533 novit
961 3470 1098 3551 lupum.“

188 3570 213 3614 to
231 3553 400 3634 Physiologi
426 3563 525 3616 sortem
556 3561 646 3616 totam
672 3564 807 3618 naturam
845 3557 883 3618 ita
919 3556 1059 3619 ordinant
1096 3563 1129 3619 ut
1166 3554 1344 3641 principium

231 3648 349 3702 sumant
370 3640 460 3708 illud,
490 3640 584 3702 simile
602 3649 705 3721 petere
727 3643 838 3705 simile:
867 3643 948 3706 unde
968 3642 1167 3726 Empedocles
1186 3644 1277 3707 etiam
1298 3664 1345 3707 oa-

232 3746 301 3790 nem
317 3726 397 3788 illam
418 3726 448 3788 in
466 3728 563 3806 tegula
579 3729 685 3792 sedere
706 3729 831 3803 dicebat,
855 3731 922 3811 quia
940 3732 1101 3812 plurimum
1120 3730 1250 3793 heberet
1266 3730 1345 3795 sinai·

232 3812 373 3876 titudinis.
417 3814 454 3874 lli
476 3814 564 3894 igitur
589 3814 674 3876 aurici
696 3836 806 3879 nomen
829 3819 888 3881 hoc
906 3819 997 3881 modo
1020 3818 1276 3899 interpretantur:
1299 3818 1344 3881 alii

232 3920 303 3963 sero
326 3901 507 3963 eorrtran'um
524 3902 672 3964 contrario
690 3903 793 3966 dieunt
815 3924 881 3967 esse
898 3904 1034 3968 amioum.
1074 3904 1149 3967 Nam
1165 3906 1249 3987 quod
1265 3925 1345 3969 arne·

189 4005 214 4048 u
234 3996 282 4050 tur
304 3996 334 4050 et
356 3989 558 4060 desideretur,
587 3988 617 4050 id
640 3990 777 4053 omnibus
804 4010 870 4054 esse
897 3992 1041 4056 amioum:
1076 3991 1229 4057 desiderio
1248 4002 1344 4057 autern

232 4074 326 4137 teneri
349 4074 464 4139 aridum
484 4096 545 4138 non
565 4075 648 4145 aridi,
667 4077 721 4138 sed
743 4077 872 4141 humidi:
894 4079 974 4142 unde
995 4080 1046 4143 illa
1068 4078 1162 4143 diotae

143 4222 399 4233 ...--—...-.—.....-

144 4294 231 4346 an
253 4295 311 4347 llll.
335 4298 401 4349 llud.
422 4297 453 4361 V,
479 4299 545 4349 liber
565 4297 664 4350 Vll-
681 4299 742 4351 Ettr.
764 4299 830 4356 Eud.
848 4298 894 4352 Vl.
937 4300 1027 4369 ltsqas
1052 4318 1083 4354 ns
1109 4308 1171 4369 post
1195 4302 1289 4357 taliam
1316 4318 1344 4356 so

145 4370 273 4414 tantorum
293 4366 405 4417 virorum
424 4382 501 4417 curas
521 4367 547 4417 ia
566 4368 657 4420 silvam
676 4370 746 4432 ligna
765 4368 907 4436 lemnus,
934 4371 1024 4423 laneum
1042 4370 1168 4423 tttnann
1189 4372 1345 4447 lutorprota·

145 4432 238 4485 tionem
260 4433 307 4483 loo
323 4434 379 4485 loeo
400 4432 542 4486 omisimus
