2776 4836
38 264 42 275 ·
89 234 167 314 324
420 200 425 207 ’
571 237 646 310 vn.
679 191 800 313 o.10}

93 428 248 495 natuiusti
271 438 301 490 et
319 428 483 490 societatis:
507 438 537 492 et
556 431 630 492 baec
647 431 745 492 omitia
761 430 817 492 sibi
840 429 966 492 conliuia
985 438 1056 493 sunt
1080 431 1226 514 tendique
1242 433 1289 494 dil-

178 519 303 582 ferentia
319 517 567 581 discriminantur.
606 519 751 592 Quoniam
769 537 839 580 vero
856 519 929 580 ratio
952 518 1040 580 animi
1062 521 1100 580 ad
1123 540 1238 602 corpus
1256 523 1289 582 si·

177 608 255 669 milis
280 613 325 668 est
352 612 438 684 atque
467 606 541 667 ratio
563 607 683 667 artilicis
710 607 747 667 ad
769 606 999 667 instrumentum
1026 613 1057 667 et
1082 607 1164 669 ratio
1189 609 1289 670 domini

179 696 215 757 ad
238 713 358 756 servum
377 712 479 754 suum:
512 695 617 756 borani
642 694 762 774 quidem
784 694 909 755 societas
933 695 1197 776 communitasque
1219 697 1289 757 nulla

133 795 160 837 ²0
179 791 233 844 est.
280 783 381 861 Neque
405 781 484 843 euim
513 802 569 861 pro
598 782 713 843 duobus
741 781 904 855 habentur,
931 783 983 842 sed
1007 801 1119 862 corpus
1143 791 1176 844 et
1203 785 1289 845 anima

178 891 270 933 unum
294 877 357 943 est,
380 876 409 928 ct
430 868 660 931 instrumentum
681 868 727 930 vel
746 869 924 948 mancipium
946 869 1023 930 illius
1044 870 1138 932 unius
1164 879 1227 944 est,
1249 873 1289 951 qui

180 960 242 1020 eius
265 975 423 1038 possessor
442 964 501 1017 est:
533 977 629 1036 neque
651 955 786 1016 distribui
807 956 837 1017 in
864 957 909 1018 his
932 976 1018 1017 suum
1042 958 1166 1037 utrique
1185 960 1289 1020 bonum

178 1053 287 1127 potest,
308 1046 361 1106 sed
382 1045 461 1124 quod
478 1045 632 1106 amborum
647 1042 760 1106 borium
775 1051 829 1116 est,
850 1043 880 1105 id
903 1051 949 1105 cst
969 1045 1184 1107 bonum'illins
1201 1047 1288 1115 unius,

179 1134 261 1195 catius
285 1152 370 1195 causa
401 1140 454 1193 est.
499 1131 630 1212 Namque
659 1139 688 1192 et
711 1150 820 1210 corpus
848 1131 1081 1194 instrumentum
1101 1134 1289 1212 congenitum

179 1229 240 1294 cst,
271 1229 301 1282 et
328 1220 507 1300 mancipium
534 1228 681 1299 tamquam
705 1218 848 1299 particula
871 1219 981 1280 donnini
1008 1227 1038 1281 et
1059 1220 1289 1283 instrumentum

177 1308 342 1389 separabile
364 1315 417 1380 est,
436 1307 666 1369 instrumentum
686 1326 756 1367 vero
778 1315 926 1386 tamquam
944 1307 1126 1388 mancipium
1151 1309 1289 1372 inanima·

131 1412 158 1453 es
177 1405 249 1458 tum.
300 1395 440 1474 Reliquae
466 1415 537 1456 vero
565 1394 721 1456 societates
747 1394 908 1475 particulae
944 1396 1090 1473 quaedam
1117 1397 1288 1475 societatum

177 1484 304 1546 civilium
326 1489 404 1554 sunt,
429 1482 557 1562 exempli
572 1482 662 1561 gratia
684 1482 840 1543 societates
856 1481 1005 1543 tribulium
1023 1483 1069 1544 vel
1095 1485 1288 1556 „sodalium“,

178 1573 224 1633 vel
246 1570 402 1633 societates
425 1571 636 1650 quaestuariae.
690 1569 723 1629 ln
748 1570 913 1631 domestica·
930 1577 1027 1631 autem
1052 1571 1202 1636 societate
1225 1592 1288 1634 con·

178 1659 344 1740 spiciuntur
367 1677 471 1719 omnes
495 1657 643 1719 civitatum
664 1658 786 1728 lormae,
813 1665 842 1718 et
863 1665 978 1729 rectae,
1000 1665 1031 1718 et
1050 1678 1165 1738 pravae
1188 1654 1287 1738 [trans-
1321 1692 1323 1757 l

177 1747 342 1826 gressoriae
361 1745 428 1806 illae
449 1753 478 1806 et
498 1744 697 1823 transsonaelz
731 1764 799 1806 nam
821 1765 920 1806 rerum
939 1745 1067 1807 cirillum
1085 1748 1193 1808 eadem
1210 1757 1287 1827 atque

177 1834 396 1897 harmoniarum
417 1833 491 1893 ratio
515 1840 568 1894 est.
613 1832 654 1893 Ac
678 1833 775 1911 regiae
795 1832 912 1912 quidem
936 1832 1060 1894 civitatis
1080 1836 1198 1896 lormae
1214 1835 1285 1896 simi·
1320 1800 1323 1919 l

133 1935 160 1976 ³0
178 1922 213 1983 lis
236 1930 281 1983 est
307 1921 399 2003 patris
429 1920 520 1987 ratio.
551 1938 636 1999 qnam
669 1940 735 1981 euna
759 1919 818 1980 lilio
848 1919 952 1981 habet:
987 1921 1177 2001 optimatium
1207 1923 1284 1984 statui

177 2010 279 2071 similis
299 2017 344 2070 est
367 2008 492 2069 societas
515 2007 611 2069 mariti
634 2016 663 2068 et
684 2007 800 2068 uxoris:
830 2006 872 2068 rei
893 2008 1044 2088 publicae,
1069 2008 1096 2070 ei
1119 2029 1200 2089 quae
1222 2031 1284 2090 pro·
1319 1962 1323 2071 l

177 2097 241 2177 prie
266 2096 389 2168 dieitur,
413 2098 536 2157 lratrum
561 2095 691 2156 conditio
714 2094 817 2156 similis
840 2102 892 2156 est.
933 2096 1065 2169 Quarum
1086 2096 1213 2159 civitatis
1232 2100 1284 2159 lor·
1320 2128 1323 2223 q

177 2205 290 2246 marum
310 2184 536 2266 depravationes
555 2182 594 2243 ibi
614 2191 693 2253 sunt,
716 2182 764 2244 uhi
782 2181 938 2263 imperium
962 2184 1088 2263 tyranni,
1108 2185 1157 2245 rel
1181 2205 1284 2266 pauco-

177 2291 254 2343 rum,
276 2273 322 2332 rel
339 2271 436 2352 plebis
454 2279 506 2333 est.
549 2270 589 2330 llo
608 2270 679 2331 iuris
696 2289 812 2349 quoque
831 2269 952 2331 totidem
971 2290 1081 2349 garrera
1100 2283 1182 2335 sunt.
1218 2273 1282 2346 Quia
1320 2278 1323 2361 l

178 2378 248 2420 vero
271 2359 431 2438 aequalitas
451 2358 557 2439 partim
580 2378 705 2420 numero
725 2357 830 2436 partim
849 2357 1046 2438 proportione
1069 2359 1223 2431 delinitur,
1245 2359 1283 2420 id·
1321 2406 1323 2457 Ι

178 2445 256 2506 circo
283 2453 355 2524 quot
376 2445 460 2517 iusti,
494 2453 538 2506 tot
561 2445 646 2506 etiam
670 2444 812 2506 amicitiae
835 2451 865 2505 et
894 2445 1041 2508 societatis
1069 2447 1192 2526 species
1213 2456 1283 2509 sunt
1321 2470 1323 2511 i

133 2544 160 2586 aa
176 2533 248 2592 Nam
270 2532 451 2593 arithmetica
467 2532 595 2594 ratione
614 2533 705 2605 utitur
726 2532 818 2593 libera
837 2533 1025 2612 respublica,
1050 2534 1219 2615 eademque
1241 2555 1284 2595 so·
1321 2560 1323 2625 3

178 2619 286 2680 dalium
308 2619 447 2680 amicitia:
471 2620 661 2681 carneadem
684 2639 787 2681 norma
803 2619 980 2682 metiuntur:
1000 2621 1202 2702 proportione
1224 2621 1284 2683 niti·
1321 2686 1323 2723 Ι

175 2714 223 2768 tur
244 2707 369 2768 societas
393 2706 576 2786 optimatium
600 2716 629 2768 et
655 2715 747 2768 status
771 2706 882 2786 regius:
914 2727 1011 2787 neque
1034 2708 1114 2771 enim
1137 2704 1219 2772 idem
1240 2730 1283 2770 su·
1321 2730 1323 2741 ¹

177 2794 288 2874 periori
309 2794 368 2870 (vel
392 2794 532 2875 principi)
557 2802 585 2856 et
609 2795 741 2861 inferiori
764 2793 871 2856 iustum
896 2803 956 2867 est,
978 2795 1031 2856 sed
1053 2795 1186 2869 iustum,
1211 2797 1283 2879 quod
1321 2872 1323 2889 Ι

176 2890 292 2945 constat
313 2883 517 2963 proportione.
563 2883 612 2943 sic
635 2882 721 2944 etiam
745 2882 819 2942 ratio
844 2882 946 2962 patris·
959 2890 989 2944 et
1009 2882 1069 2953 lilii,
1094 2892 1125 2945 et
1145 2885 1225 2946 ratin'
1240 2905 1283 2946 so·

177 2972 314 3033 cietatum
338 2970 471 3035 civilibus
494 2970 620 3048 negotiis
643 2972 834 3031 conllatarum
858 2978 1026 3052 comparata
1051 2979 1106 3032 est.

90 3054 174 3173 ¹²⁴2ss
262 3059 416 3120 Habentur
437 3065 534 3119 autem
554 3058 697 3119 amicitiae
718 3065 925 3137 cognatorum,
949 3057 1105 3132 sodalium,
1126 3060 1282 3129 sociorum,

131 3106 148 3174 1
176 3165 300 3226 quarum
323 3153 473 3225 postrema
497 3146 583 3207 ctiam
606 3145 730 3206 amicitia
753 3145 844 3206 civilis
867 3147 1041 3227 appellatur.
1086 3146 1124 3207 Et
1147 3155 1284 3226 cognato-

173 3254 239 3295 rum
263 3233 381 3314 quidem
396 3232 521 3295 amicitia
539 3232 645 3294 multas
664 3232 779 3313 species
795 3233 894 3306 babet,
916 3253 1007 3314 quum
1023 3228 1138 3314 partim
1151 3236 1282 3303 fratrum,

174 3321 281 3402 partim
300 3320 393 3400 patris
413 3332 442 3381 et
468 3320 628 3382 liberorum
649 3320 883 3382 necessitudines
903 3322 1136 3402 complectatur,
1166 3323 1283 3403 partim·

175 3428 232 3489 que
253 3408 458 3488 proportione,
481 3414 514 3468 ut
536 3415 658 3487 paterna
680 3408 822 3479 amicitia,
846 3409 953 3488 partim
971 3409 1088 3470 numeri
1110 3409 1281 3477 rationibus,

142 3503 209 3557 aut
230 3496 376 3567 fraterna,
400 3495 519 3556 nitatur.
562 3496 702 3559 Fraterua
721 3504 819 3557 autem
841 3489 967 3558 amicitia
985 3497 1022 3556 ad
1044 3496 1194 3578 sodalium
1215 3498 1282 3558 ami·

174 3581 270 3643 citiam
293 3583 427 3661 proxime
450 3582 578 3643 accedit:
613 3583 642 3643 in
667 3584 722 3644 bac
748 3583 825 3644 enim
855 3584 1002 3645 honorum
1031 3603 1067 3645 ex
1095 3603 1195 3665 aequo
1219 3592 1283 3646 sunt

173 3667 342 3749 participes.
398 3668 494 3728 Civilis
527 3677 623 3730 autem
655 3670 780 3732 amicitia
810 3670 934 3732 utilitate
970 3671 1095 3733 maairne
1130 3674 1282 3734 conflatur.

112 3778 117 3789 ·
175 3757 272 3829 Quum
293 3755 370 3816 enim
390 3755 524 3816 homines
546 3756 575 3816 in
600 3756 759 3819 solitudine
782 3760 933 3820 nonsatis
957 3760 993 3821 ad
1023 3760 1101 3821 bene
1125 3760 1282 3822 vivendum

174 3842 313 3923 praesidii
335 3843 416 3904 inse
439 3842 511 3922 ipsis
539 3844 697 3916 haberent,
724 3845 899 3909 convenisse
922 3855 951 3908 et
973 3867 1005 3908 se
1027 3852 1131 3908 mutuo
1155 3846 1284 3929 anquisi-

173 3931 250 3992 visse
267 3930 420 3992 videntur:
441 3949 616 4011 quamquam
640 3925 969 4006 convenissent‘etiam
987 3934 1067 3995 nulla
1088 3943 1218 4013 cogente
1234 3954 1283 3997 ue·

173 4018 318 4090 cessitate,
339 4017 478 4081 commoti
495 4018 641 4081 desiderio
660 4040 727 4081 cum
744 4020 806 4082 aliis
823 4021 940 4083 vivendi
958 4030 987 4083 et
1005 4021 1080 4082 vitae
1100 4041 1190 4084 usum
1206 4042 1283 4085 com·

172 4105 352 4167 municandi.
392 4106 451 4167 Sed
468 4107 531 4166 sola
550 4107 739 4168 necessitudo
764 4108 854 4169 civilis
879 4108 1002 4190 eiusque
1024 4108 1204 4187 deformatio
1227 4129 1282 4171 nou

121 4198 145 4242 Ι)
173 4193 270 4254 solum
289 4193 414 4254 amicitia
436 4201 498 4264 est,
520 4214 623 4255 verum
645 4194 730 4255 etiam
752 4195 857 4266 talem,
888 4196 981 4276 qualis
1003 4196 1039 4257 ab
1057 4195 1163 4258 amicis
1182 4205 1283 4278 postu·

172 4279 266 4353 latur,
288 4280 527 4342 communionem
548 4283 695 4343 bonorum
726 4282 865 4362 requirit:
893 4283 924 4344 in
945 4283 1066 4364 reliquis
1088 4302 1163 4345 aero
1187 4283 1284 4346 amici·

160 4365 228 4439 tiis,
241 4366 433 4428 eminentiae·
446 4369 588 4448 quaedam
601 4371 679 4435 ,ratio
704 4379 756 4432 est.
800 4369 924 4432 Maxime
944 4369 1144 4432 autem'iun's·
1155 4371 1283 4434 rationes

81 4540 84 4545 ‚
172 4450 203 4514 in
222 4471 256 4513 ea
274 4452 417 4524 amicitia,
447 4473 533 4534 quam
557 4457 665 4520 utililas
689 4458 799 4538 genuit,
822 4458 935 4529 elucet,
968 4457 1033 4542 quia
1056 4457 1087 4521 in
1107 4457 1167 4523 bac
1188 4457 1283 4525 locum
