2776 4836
480 159 481 168 Γ
558 206 664 299 vm.
692 211 726 283 a.
1179 202 1259 299 aas

55 417 112 469 raas,
120 401 194 462 ased
219 400 327 480 probat
348 398 464 486 potius,
492 401 640 460 l·ortunam
672 418 732 460 ιιιιιι
756 397 888 460 οιιιιιΓιιιιι
910 417 1014 461 eorum
1037 419 1103 462 esse
1127 419 1254 475 causam,

141 507 209 568 quor
211 506 268 549 um
287 504 353 548 esse
372 504 458 546 causa
476 485 619 547 videatur.

228 574 288 635 Sed
314 582 436 652 quaerat
458 575 583 635 sortasse
603 573 749 655 quispiam
767 592 839 634 num
857 575 974 637 fortuna
997 574 1081 636 hoc
1073 594 1172 655 ipsum
1191 578 1255 638 elli-

143 661 216 735 ciat,
247 669 278 722 ut
298 660 402 742 aliquis
426 669 456 721 et
483 662 563 740 quod
586 668 724 743 oportea
712 668 798 731 tet,
822 661 940 742 quando
962 670 1115 742 oporteat,
1144 683 1255 725 concu-

142 748 245 828 piscat.
284 749 391 811 Verum
414 747 472 809 boc
494 756 581 828 pacto
603 750 722 809 lortuna
745 747 877 809 oninium
900 768 987 810 eausa
1010 749 1138 812 exsistat.
1181 751 1254 820 Nam

140 836 179 896 ita
195 838 314 899 lortuoa
333 834 424 896 etiam
440 855 527 897 causa
544 834 691 914 cogitandi
710 841 740 895 et
755 834 936 898 deliberandi
955 835 1002 897 sit.
1032 837 1149 907 Etenim
1165 858 1254 901 nemo

142 923 286 985 deliberat
305 930 463 1002 postquam
482 922 652 984 deliberavit
672 941 743 985 ιιιιιιι
763 922 927 984 deliberare
949 942 1030 986 nuno
1047 924 1169 1000 debeat,
1201 927 1255 988 sed

95 1024 123 1068 ao
144 1019 189 1072 est
210 1010 389 1108 principium
413 1009 561 1108 quoddam
585 1009 822 1072 deliberationis:
852 1029 949 1109 neque
962 1011 1124 1109 pruisquam
1147 1014 1256 1092 cogitat

142 1107 301 1197 postquam
325 1097 462 1176 cogitavit
480 1117 513 1158 se
533 1097 608 1159 velle
631 1097 770 1176 cogitare,
793 1106 881 1178 atque
901 1096 944 1159 sic
960 1097 992 1160 in
1008 1098 1167 1173 ΓιιΓιιιΓΓιιιιι
1196 1101 1255 1164 lta-

142 1206 200 1285 que
224 1184 404 1285 principium
436 1184 584 1263 cogitandi
603 1205 664 1246 non
681 1204 697 1245 a
714 1204 769 1246 oov
752 1184 889 1263 gitando,
916 1204 1014 1265 oeque
1033 1186 1254 1250 deliberationis

142 1273 322 1373 principium
340 1292 357 1332 a
375 1273 568 1334 deliberando
586 1272 783 1372 repetendum
798 1231 924 1334 videtdr.
969 1272 1046 1347 Quid
1069 1273 1159 1353 igitur
1176 1265 1255 1338 aliud

141 1360 348 1441 principium
347 1368 511 1422 extremum
530 1368 653 1440 putetur
671 1359 727 1422 nisi
748 1356 890 1422 lortuna‘l
921 1359 963 1420 lta
982 1380 999 1423 a
1017 1361 1135 1423 fortuna
1157 1363 1255 1424 omnia

141 1449 264 1522 tierent,
296 1448 320 1509 si
350 1449 471 1528 quidem
497 1456 542 1509 est
571 1447 720 1530 quoddam
742 1445 938 1528 principium,
968 1456 1050 1511 extra
1073 1450 1153 1528 quod
1174 1450 1254 1512 aliud

141 1535 321 1617 principium
346 1556 407 1597 non
438 1536 572 1599 babetur.
620 1535 658 1596 ΑΓ
688 1553 740 1597 our
760 1534 829 1596 huic
851 1533 915 1595 talis
945 1534 987 1595 vis
1010 1555 1044 1596 ac
1063 1536 1128 1597 talis
1150 1547 1254 1599 natura

93 1635 122 1678 aa
144 1631 197 1696 est,
224 1631 256 1685 ut
278 1624 374 1705 possit
395 1624 452 1684 boo
474 1619 650 1703 perliceret
668 1623 827 1696 Quaeritur
846 1621 943 1700 igitur,
967 1621 1036 1703 quid
1056 1623 1095 1684 sit
1112 1622 1143 1686 in
1158 1625 1255 1687 anima

141 1718 240 1772 motus
270 1711 349 1772 illius
378 1710 567 1791 principium.
620 1711 775 1772 llanilesto
807 1717 905 1771 autem
929 1710 987 1770 boc
1015 1710 1195 1792 principium
1224 1713 1255 1774 in

141 1799 239 1860 animo
260 1797 415 1876 cogitantis
435 1798 577 1859 deusest
585 1844 593 1870 ‚
532 1798 701 1859 ostsicuti
725 1797 849 1859 deusto
873 1796 1011 1858 universo
1034 1798 1148 1861 mundo
1170 1800 1255 1881 prin·

141 1885 252 1964 cipium
271 1892 326 1944 est
369 1885 441 1946 Nam
457 1885 556 1947 omnia
576 1892 676 1949 movet
697 1884 829 1946 divinum
848 1883 931 1956 illud,
952 1885 1030 1965 quod
1048 1885 1076 1946 in
1098 1885 1185 1949 nobis
1201 1897 1254 1950 est.

140 1972 228 2051 Atqui
250 1970 373 2033 rationis
399 1971 579 2052 principium
602 1991 663 2034 uon
682 1971 756 2033 ratio
780 1979 840 2044 est,
871 1972 923 2031 sed
946 1973 1145 2051 praestantius
1169 1975 1255 2056 quid·

141 2059 229 2138 piam.
274 2058 352 2131 Quid
371 2059 459 2138 igitur
475 2059 597 2121 scientia
617 2066 647 2120 et
666 2067 767 2120 ruente
790 2057 895 2121 rrrelius
919 2057 1032 2121 dicatur
1051 2079 1139 2143 quarn
1156 2059 1256 2125 deus?

141 2147 215 2208 Nam
238 2145 330 2208 virtus
348 2147 456 2209 mentis
479 2146 711 2210 instrumentum
734 2154 787 2208 est.
837 2144 879 2206 dc
900 2154 1025 2226 proptor
1042 2147 1119 2211 banc
1137 2169 1255 2213 causam

89 2254 121 2298 ao
141 2243 258 2296 veteres
273 2233 420 2308 dixerunt,
440 2235 541 2296 felices
558 2234 656 2296 vocari
672 2253 733 2305 eos,
756 2233 815 2314 qui,
832 2251 921 2314 quum
938 2233 1052 2316 impetu
1068 2254 1123 2298 suo
1139 2237 1257 2301 serren-

142 2330 199 2395 tur‚
214 2321 292 2383 berre
308 2342 372 2383 rem
387 2329 537 2402 gererent,
552 2341 729 2402 quamquam
745 2321 859 2382 ratione
875 2339 936 2382 non
950 2329 1116 2398 uterentur,
1142 2333 1172 2388 et
1189 2324 1256 2407 qui-

139 2410 195 2471 bus
213 2410 382 2472 consultare
404 2430 464 2472 non
489 2418 570 2472 esset
588 2429 722 2473 necesse.
760 2409 878 2473 Habent
893 2409 971 2471 enim
992 2409 1034 2472 illi
1046 2412 1183 2476 fortunae
1204 2415 1256 2476 filii

141 2497 172 2558 in
194 2516 261 2558 sese
284 2498 342 2560 tale
372 2497 569 2577 principium,
598 2497 677 2578 quod
708 2503 839 2578 praestat
867 2496 1030 2560 intellectui
1058 2489 1088 2572 et
1118 2501 1253 2565 consilio.

141 2586 243 2665 ltaque
264 2584 334 2645 dum
358 2585 415 2659 alii,
433 2604 495 2646 non
514 2583 665 2657 fortunati,
687 2583 832 2646 rationem
851 2584 969 2665 quidem
984 2585 1104 2660 babent,
1127 2589 1180 2650 sed
1197 2589 1256 2651 hoc

144 2673 342 2753 praestantius
364 2671 478 2734 ratione
501 2671 681 2753 principium
703 2691 763 2733 non
786 2671 905 2740 habeut,
927 2671 967 2732 illi
990 2674 1132 2746 fortunati
1150 2675 1258 2737 instin-

145 2766 225 2820 ctum
244 2758 374 2831 divinum
395 2761 522 2832 liabent,
547 2767 577 2821 et
598 2758 686 2829 buius
704 2758 810 2820 auxilio
832 2758 879 2832 id,
903 2759 984 2838 quod
1004 2759 1117 2823 bonum
1139 2780 1174 2824 ec
1193 2765 1258 2824 lau-

142 2856 220 2907 stum
240 2853 295 2920 est,
319 2847 437 2909 efficere
458 2847 565 2908 valent
603 2847 676 2909 Nam
691 2865 781 2926 quum
800 2865 860 2906 non
878 2852 998 2906 utantur
1013 2845 1138 2920 ratione,
1159 2856 1256 2912 tamen

93 2949 124 2993 aa
143 2952 290 3015 prospero
321 2953 423 2999 rerum
455 2954 594 2997 successu
625 2941 757 2995 utuntur.
805 2930 949 3012 ltaque
926 2950 952 2992 ει
973 2931 1003 2992 bi
1024 2923 1161 2996 homines
1183 2955 1257 3015 pru-

143 3021 248 3082 dentes
267 3020 476 3119 sapientesque
496 3020 650 3092 videntur,
671 3021 767 3118 quod,
789 3018 859 3117 quid
881 3018 1028 3098 agendum
1051 3019 1098 3094 sit,
1120 3022 1258 3086 celeriter

143 3107 224 3188 quasi
246 3108 452 3171 vaticinatione
474 3109 600 3190 quadam
617 3106 808 3189 perspiciant,
830 3105 893 3167 sive
906 3106 992 3186 ‘quod
1012 3105 1193 3188 experientia
1210 3112 1257 3173 vel

141 3215 199 3258 usu
222 3202 252 3256 et
267 3196 482 3259 consuetudine
500 3197 627 3276 (quadam
649 3194 793 3267 nituntur,
815 3212 935 3273 semper
951 3201 1048 3256 Γιιιιιιιιι
1066 3194 1165 3258 divino
1182 3217 1258 3278 quo-

143 3283 209 3344 dam
233 3282 375 3345 instinctu
396 3282 509 3364 impelli
532 3282 677 3345 videntur.
723 3281 795 3345 Nam
819 3281 892 3342 deus
916 3287 945 3340 et
966 3281 1063 3343 lutura
1086 3283 1197 3358 cernit,
1228 3293 1258 3347 et

142 3389 242 3432 rerum
270 3378 405 3432 naturam
430 3390 529 3432 veram
556 3369 705 3441 intuetur,
735 3376 762 3435 ct
793 3388 842 3441 ea,
875 3386 962 3448 quae¹
978 3388 1011 3429 se
1041 3368 1110 3431 huic
1136 3380 1257 3437 nostrae

141 3460 288 3520 humanae
307 3457 413 3520 rationi
430 3458 599 3520 subducunt
616 3457 700 3536 eique
717 3455 870 3518 recondita
887 3461 966 3527 suut,
983 3465 1141 3537 perspecta
1158 3460 1256 3522 babet.

142 3545 226 3606 llauc
242 3544 280 3606 ob
298 3566 415 3608 causam
432 3545 519 3607 etiarn
539 3543 743 3618 melancholici
760 3544 874 3606 somnia
892 3541 1007 3604 veracia
1026 3542 1147 3606 babent
1184 3546 1257 3608 Nam

55 3632 320 3713 nsanprincipium
347 3634 420 3695 illud
456 3632 642 3694 reconditum
681 3641 711 3693 et
739 3630 870 3693 divinum
902 3630 971 3709 plus'
1000 3630 1099 3692 valere
1130 3630 1256 3707 videtur,

144 3720 261 3800 quaudo
287 3721 361 3781 ratio
391 3721 421 3781 in
451 3740 557 3781 somno
586 3727 700 3780 remota
727 3726 772 3778 est
797 3719 844 3779 vel
876 3725 980 3778 cessat.
1030 3716 1139 3781 Similis
1168 3719 1258 3799 igitur

145 3806 219 3867 ratio
243 3814 288 3867 est
311 3816 399 3888 atque
421 3807 574 3870 bominum
598 3825 770 3877 caecorum,
802 3804 850 3887 qui
881 3805 948 3884 plus
970 3804 1087 3885 pollent
1104 3807 1256 3880 memoria,

143 3893 209 3972 quia
233 3914 293 3955 non
315 3895 519 3976 impediuntur
541 3894 646 3955 talibus
669 3892 909 3972 cogitationibus,
934 3891 1055 3971 quaein
1077 3892 1166 3955 rebus
1188 3894 1258 3955 visi-

143 3980 251 4041 bilibus
272 3982 430 4052 haereant,
461 4001 556 4060 eoque
587 3980 629 4040 vis
654 3979 815 4041 memoriae
838 3997 899 4038 non
919 3977 1089 4055 infringitur
1110 3980 1163 4040 sed
1185 3980 1257 4042 vali·

141 4068 207 4128 dior
229 4076 283 4129 est

214 4154 316 4235 ltaque
338 4162 480 4236 apparet,
503 4154 562 4216 duo
583 4173 648 4215 esse
666 4171 775 4230 gorreia
794 4153 930 4213 fortunae
957 4150 1116 4224 secundae,
1134 4152 1257 4216 alteram

144 4240 288 4314 efisinam,
319 4243 399 4305 urrdc
420 4243 588 4303 fortunatus
614 4239 719 4302 auxilio
748 4238 795 4300 dei
817 4255 997 4319 prosperum
1018 4256 1118 4303 rerum
1137 4259 1257 4303 suarum

142 4348 316 4392 successum
339 4329 448 4391 babere
468 4329 599 4399 videtur,
625 4327 758 4404 [alteram
783 4324 968 4402 naturNJalem]
1008 4317 1142 4397 Quorum
1163 4328 1258 4390 lortu·

108 4423 281 4480 enatorum
311 4416 387 4480 alter
417 4435 480 4478 rern
511 4416 588 4477 bene
619 4413 710 4494 gerit,
740 4413 808 4494 quia
836 4411 981 4495 impetum
1012 4411 1057 4474 vel
1086 4413 1258 4479 instinctum

982 4514 1055 4577 22*
1152 4519 1154 4524 ’
