2776 4836
601 220 629 296 ῑ
655 219 692 300 8·
1172 216 1255 303 Μ

66 409 226 479 tar.aldeae
254 409 368 491 reliqua
398 427 465 472 esse
493 409 588 473 bona:
619 410 736 473 sublato
768 409 848 472 enim
874 409 1053 492 participato
1081 410 1146 473 tolli
1167 411 1256 475 ethan

136 498 197 570 illa,
221 515 297 578 quae
312 497 492 579 participent
510 496 626 571 ldeam,
651 517 727 578 quae
744 497 863 578 quidem
884 515 921 559 ex
944 497 1007 560 eius
1027 497 1255 579 participatione

138 585 258 648 trabant
272 602 393 647 nomen.
432 584 565 646 Primum
583 592 682 647 autem
704 586 782 647 banc
798 584 945 647 rationem
966 585 1077 648 babere
1095 585 1133 646 ad
1151 594 1255 666 poste-

137 672 210 746 riue,
228 680 263 735 ut
284 671 324 734 sit
343 672 450 735 boacca
467 675 564 752 epium
579 670 649 734 ldea
669 672 756 734 boni:
779 672 856 734 banc
875 672 964 746 enim,
980 672 1060 736 sicut
1079 671 1167 735 eliam
1183 672 1255 735 reli·

90 775 121 822 ae
141 777 215 842 quas
236 758 332 832 ldeas,
355 766 501 822 secretam
519 777 585 821 esse
607 778 625 820 a
644 758 899 839 participantibus.

205 845 293 908 Cuius
315 845 482 909 sententiae
505 845 703 908 consideratio
727 864 905 928 quamquam
924 845 998 910 alius
1016 854 1060 909 est
1079 845 1255 928 disputatio·

141 933 189 995 nis
217 933 340 1015 eiusque
364 932 458 1012 magis
487 932 657 995 dialecticae
687 932 770 1012 (nam
791 941 965 1013 argumenta
989 933 1026 996 ad
1043 933 1168 996 aliorum
1189 934 1257 1016 opi·

139 1020 246 1083 niones
275 1021 446 1082 refutandas
472 1020 581 1082 idonea
612 1028 706 1082 etex
733 1022 939 1084 communibus
963 1021 1036 1082 locis
1064 1021 1194 1102 petenda
1221 1021 1253 1083 in

140 1107 252 1171 nubam
270 1107 358 1169 aliam
377 1106 563 1188 disciplinam
584 1107 641 1169 nisi
660 1107 692 1168 in
712 1108 896 1170 dialecticam
914 1107 1125 1188 conveniunt):
1145 1115 1255 1183 umen,

140 1195 167 1256 si
190 1195 293 1276 paucis
315 1194 413 1258 verbis
442 1195 590 1257 sententia
617 1202 720 1257 nostra
748 1195 909 1276 aperienda
935 1201 998 1268 est,
1030 1195 1089 1257 hoc
1115 1195 1255 1257 dumus:

88 1294 121 1341 aa
140 1281 287 1363 primum,
319 1299 385 1344 esse
413 1281 514 1344 ldeam
535 1300 598 1344 non
620 1282 717 1344 solum
746 1283 829 1355 boui,
862 1282 917 1344 sed
946 1281 1034 1344 etiem
1064 1281 1184 1343 cuiusve
1209 1281 1254 1347 rei

138 1369 224 1443 alius,
246 1366 377 1448 captiose
397 1375 485 1450 atque
503 1387 539 1430 ex
560 1388 636 1431 vano
656 1369 812 1431 contendi:
834 1369 865 1430 id
887 1369 967 1450 quod
987 1367 1089 1430 multis
1109 1368 1207 1431 modis
1226 1376 1256 1433 et

137 1456 169 1518 in
195 1454 279 1518 libris
307 1455 492 1536 populariter
513 1456 633 1536 scriptis
663 1464 693 1518 et
722 1456 753 1519 in
783 1457 868 1519 libris
890 1455 1255 1540 philosophicisdemon·

140 1551 265 1606 stratum
288 1550 342 1604 est

72 1632 76 1637 '
202 1629 331 1702 deiude,
356 1629 383 1691 si
403 1628 451 1690 vel
470 1631 595 1694 maxime
618 1638 649 1693 et
669 1630 755 1693 ldeas
778 1638 808 1692 et
827 1630 896 1693 boati
917 1628 1017 1692 ldeam
1041 1647 1107 1691 esse
1129 1647 1255 1692 conces-

88 1731 120 1777 aa
139 1716 226 1792 seris,
248 1715 349 1778 nullus
372 1724 471 1778 tamen
488 1718 552 1780 eius
572 1718 716 1780 advitam
738 1719 849 1781 bonam
865 1716 947 1801 etad
967 1715 1100 1779 actiones
1113 1717 1255 1778 honestas

137 1822 211 1868 auus
232 1803 389 1866 redundat
417 1803 491 1866 Nam
508 1805 609 1868 multis
625 1806 733 1879 modis,
756 1811 844 1885 atque
860 1812 906 1866 tot
924 1802 1030 1875 modis,
1050 1800 1165 1864 bonum
1181 1803 1254 1865 dici·

139 1899 206 1964 tur,
230 1899 304 1972 quot
319 1889 416 1953 modis
433 1910 495 1954 ens.
536 1892 597 1954 Ena
620 1893 714 1964 enim,
736 1892 824 1954 sicuti
844 1891 907 1953 aliis
930 1889 1005 1952 locis
1026 1897 1180 1953 ostensum
1199 1898 1254 1965 est,

139 1977 286 2057 significat
312 1979 432 2060 etquid
457 1987 488 2041 et
512 1990 654 2061 quaedum
682 1988 713 2042 et
736 1978 823 2060 quale
850 1986 881 2039 et
908 1977 1136 2058 quaecuuque
1166 1977 1254 2040 etiam

87 2079 120 2125 ω
137 2083 257 2129 moveas
280 2072 311 2126 et
331 2075 451 2127 motem.
496 2066 585 2148 Atqui
605 2066 711 2129 bouem
728 2066 758 2127 in
786 2064 925 2127 omnibus
946 2063 992 2127 bis
1015 2063 1171 2143 categoriis
1193 2073 1254 2127 est:

139 2153 172 2216 in
189 2151 354 2217 aduenio
372 2170 458 2214 mens
480 2161 511 2215 et
533 2154 624 2227 dens,
652 2154 682 2215 in
705 2152 788 2236 pecli
806 2153 932 2223 iustum,
956 2151 987 2212 in
1009 2161 1118 2232 pacato
1136 2152 1253 2226 modus,

138 2240 171 2302 in
199 2241 317 2320 quoodo
345 2246 465 2320 tempus
494 2249 714 2322 opportunum,
754 2241 865 2303 docens
895 2245 994 2300 autem
1023 2245 1054 2300 et
1083 2237 1203 2301 doctum
1223 2239 1253 2300 in

138 2337 230 2410 mete.
274 2326 533 2400 Quemadmodum
552 2328 698 2407 igiturne
719 2347 770 2390 erte
794 2326 914 2408 quidem
933 2325 964 2386 in
981 2325 1017 2387 iis
1038 2342 1115 2406 qnae
1131 2344 1255 2389 enume-

139 2413 268 2477 ravimus
290 2432 383 2476 unum
407 2422 461 2488 est,
483 2414 523 2476 ita
540 2432 580 2476 ne
597 2415 703 2478 docum
726 2414 862 2496 quddam:
881 2430 980 2494 neque
999 2430 1048 2476 ars
1062 2430 1117 2474 seu
1133 2413 1255 2475 scientia

87 2514 121 2563 κ
141 2519 201 2564 una
223 2509 346 2563 estnec
368 2506 442 2564 eatis
459 2521 516 2564 nec
535 2502 617 2564 boel:
640 2520 674 2564 ac
691 2520 730 2564 ne
752 2520 787 2563 ea
809 2501 929 2582 quidem
944 2499 1034 2572 bona,
1059 2517 1134 2580 quae
1151 2501 1255 2563 eadem

139 2590 236 2650 forma
257 2587 377 2650 dicendi
399 2589 615 2670 exprimuntur,
637 2589 693 2651 sub
712 2589 801 2651 unius
823 2587 894 2649 artis
913 2586 1183 2649 considerationem
1206 2606 1256 2648 ca·

138 2676 231 2748 dunt,
263 2682 298 2737 ut
326 2683 446 2757 tempus
472 2684 677 2757 opportunum
705 2675 751 2737 vel
780 2676 888 2738 modus
909 2681 1027 2746 rectum,
1053 2672 1108 2735 sed
1130 2672 1185 2736 alia
1205 2693 1254 2736 ars

136 2762 216 2825 aliud
246 2769 366 2843 tempus
396 2771 427 2824 et
453 2764 508 2826 alia
535 2763 624 2825 alium
645 2764 767 2825 modum
797 2760 980 2824 considerat:
1011 2759 1138 2841 exempli
1162 2761 1255 2840 gratia

137 2850 169 2912 in
191 2849 338 2911 alimentis
367 2858 487 2931 tempus
513 2858 717 2931 opportunum
740 2858 770 2911 et
797 2849 920 2911 modum
948 2855 1065 2909 rectum
1086 2849 1256 2911 considerat

138 2955 188 2999 ars
207 2935 324 2998 medica
345 2944 376 2998 et
397 2937 594 3018 gymnastico,
620 2937 650 2998 in
673 2937 764 2998 rebus
782 2935 897 2999 bellicis
919 2952 967 2996 aaa
989 2932 1141 3007 miluus,
1164 2935 1256 2998 etsie

71 3022 195 3093 localia
220 3022 250 3084 in
275 3023 333 3085 alia
356 3025 482 3086 actione.
522 3024 624 3104 ltaque
648 3023 736 3085 etiam
761 3023 868 3086 bonum
891 3025 988 3101 ipsum
1011 3027 1148 3101 spectare
1174 3022 1254 3085 baud

136 3109 223 3174 tecle
244 3110 333 3172 unius
354 3112 425 3173 artis
447 3130 502 3173 seu
517 3111 657 3173 scientiae
677 3118 731 3172 est.

211 3196 372 3259 Praeterea
396 3199 428 3260 in
452 3199 559 3280 quibus
578 3205 624 3260 est
645 3201 733 3278 prius
757 3202 788 3257 et
809 3197 969 3275 posteriue,
995 3191 1027 3255 in
1055 3191 1102 3255 hie
1123 3212 1185 3256 non
1208 3204 1255 3258 est

138 3301 298 3346 commune
315 3285 444 3366 aliquid,
467 3285 547 3366 quod
569 3285 606 3347 sit
630 3292 712 3346 arua
729 3284 803 3345 haec
822 3291 852 3345 et
871 3281 990 3363 quidem
1012 3287 1171 3343 secretum.
1211 3283 1255 3345 lta

138 3370 219 3434 euim
238 3379 320 3434 esset
343 3371 455 3453 aliquid
477 3392 530 3445 eo,
558 3372 639 3454 quod
660 3370 789 3452 primum
811 3377 866 3442 est,
889 3367 989 3450 prius:
1015 3384 1085 3428 nam
1108 3367 1192 3448 prius
1210 3377 1256 3432 eet

136 3457 186 3530 id,
213 3459 296 3538 quod
324 3478 483 3522 commune
508 3467 539 3521 et
564 3457 730 3541 separabile
757 3465 818 3530 est,
850 3462 1012 3538 propterea
1037 3455 1117 3534 quod
1137 3456 1255 3519 sublato

105 3545 293 3608 accmmuni
319 3547 449 3626 primum
475 3546 596 3608 tollatur
622 3563 747 3607 necesse
777 3553 839 3606 est:
878 3550 912 3605 ut
935 3541 960 3604 si
989 3540 1113 3622 duplum
1134 3544 1257 3624 ponitur

138 3631 270 3712 primum
292 3633 519 3714 multiplicium,
547 3651 607 3695 non
627 3639 728 3713 potest
751 3631 923 3713 multiplex,
957 3628 1037 3711 quod
1059 3632 1256 3695 communiter

139 3719 345 3797 praedicatur,
371 3739 439 3782 esse
462 3719 644 3801 separabile:
677 3720 733 3781 en‘t
752 3719 832 3782 enim
850 3717 942 3798 duplo
966 3715 1063 3797 prius,
1092 3716 1118 3779 si
1135 3719 1255 3798 quidem

139 3803 210 3866 ldea
234 3825 393 3870 commune
412 3814 467 3877 est,
488 3806 569 3868 velut
590 3806 615 3868 si
635 3806 700 3887 quis
719 3806 885 3887 separabile
905 3802 992 3866 iaciat
1008 3802 1049 3874 id,
1071 3805 1151 3884 quod
1174 3824 1256 3867 com·

91 3906 121 3953 ao
139 3909 232 3954 mune
253 3902 307 3956 est
341 3894 416 3955 Nam
434 3895 458 3954 si
478 3892 588 3954 iustitia
605 3894 718 3956 bonum
735 3902 790 3965 est,
807 3892 894 3954 etiam
912 3888 1056 3952 fortitudo
1071 3889 1184 3952 bonum
1201 3898 1255 3954 est

206 3977 244 4040 Et
261 3989 359 4043 manen
378 3980 484 4042 bonum
501 3984 599 4060 apium
616 3998 683 4041 esee
700 3979 894 4041 contendunt
933 3976 966 4038 ln
989 3993 1049 4054 quo
1064 3973 1138 4037 illud
1159 3981 1257 4058 eptem

137 4083 175 4127 eo
195 4069 320 4131 coneilio
348 4067 495 4130 adiectum
518 4066 634 4129 ridetur
657 4072 689 4128 ut
711 4082 898 4127 communem
919 4061 1073 4125 notionem
1101 4060 1255 4127 indicaret

138 4149 206 4212 lloc
226 4162 326 4217 autem
343 4154 413 4235 quid
437 4154 516 4215 aliud
538 4152 684 4232 significat
705 4152 762 4213 nisi
780 4157 934 4213 aeteruum
953 4154 983 4209 et
1000 4153 1149 4210 secretu-
1167 4158 1256 4232 atque

138 4237 347 4304 abstractum?
366 4241 405 4302 dt
418 4259 479 4302 nou
499 4238 592 4318 magis
608 4239 708 4301 album
724 4246 770 4300 est
787 4237 827 4310 id,
848 4235 928 4318 quod
946 4232 1057 4296 multos
1076 4234 1139 4298 dies
1155 4237 1256 4303 albm

139 4331 204 4396 est,
228 4347 316 4410 quam
341 4328 389 4400 id,
418 4326 498 4407 quod
517 4345 610 4389 unurn
633 4325 710 4388 diem
731 4324 832 4387 albuna
855 4331 916 4385 est:
946 4338 1018 4399 ergo
1041 4338 1081 4384 ne
1100 4340 1260 4389 commune

72 4509 124 4560 ω
135 4410 259 4557 fficiam
279 4416 404 4488 bonum,
427 4412 508 4497 quod
527 4431 595 4478 cum
616 4411 687 4477 idea
706 4411 788 4477 idem
810 4429 877 4477 esee
895 4410 1010 4484 volunt,
1029 4425 1123 4576 mapa
1138 4412 1256 4478 bonum

1065 4515 1080 4575 l
