2784 4838
151 232 229 315 eoo
683 236 728 311 n.
761 242 816 313 ιο.
913 329 919 351 ,

152 431 318 493 instinctu
348 427 478 489 consilii:
509 436 540 488 et
565 446 655 506 qttttm
682 432 807 492 suntin
833 430 1003 500 dilectibus,
1034 446 1096 490 non
1124 429 1295 493 deliberant
1321 432 1355 493 de

194 530 221 575 ao
241 516 374 597 agendo,
397 515 451 575 sed
471 516 587 576 l'ortitor
607 516 761 579 all'ectibns
784 518 936 580 resistunt
979 516 1138 578 Praeterea
1161 517 1310 598 cupiditas
1328 529 1354 580 et

240 606 282 667 ira
304 623 427 684 semper
450 621 517 666 enm
539 604 676 665 molestia
699 616 729 667 ot
751 608 855 667 dolore
875 606 1032 667 coniuncta
1056 612 1117 666 est:
1146 611 1179 667 at
1201 605 1240 667 de
1259 607 1353 669 multis

239 696 329 757 rebus
349 694 414 755 sine
429 692 564 754 molestia
585 702 615 751 et
634 693 737 755 doloro
758 694 913 755 consilium
935 692 1129 755 deliberatum
1152 693 1299 773 capimus.

326 782 363 843 At
380 800 451 841 roro
470 802 509 842 no
532 780 668 841 voluntas
689 782 808 861 quidem
830 782 858 843 in
879 782 1049 843 universum
1069 790 1100 841 et
1120 781 1261 843 voluntas
1284 783 1354 844 deli-

238 872 340 932 berata
366 870 444 931 idem
468 878 522 929 ast.
574 869 679 929 l'olnnt
706 870 785 931 annm
813 870 950 931 homines
980 869 1129 931 interdum
1164 870 1251 943 talia,
1283 890 1354 951 qnae

238 959 334 1020 sciant
350 978 411 1019 non
429 978 519 1037 possa
536 956 610 1029 fieri,
628 965 656 1017 nt
675 958 822 1037 imperare
838 958 868 1019 in
884 955 1023 1019 omnibus
1037 956 1209 1019 bominibus
1225 959 1274 1021 vel
1291 978 1353 1020 esse

238 1045 438 1108 immortales:
469 1054 499 1105 at
529 1045 603 1107 bano
629 1064 717 1105 aterno
747 1046 898 1107 volumtate
925 1045 1085 1107 deliberata
1115 1044 1173 1106 sibi
1201 1047 1352 1127 proponit,

192 1149 220 1193 as
240 1134 306 1215 quia
329 1153 390 1195 raon
413 1134 530 1212 ignorat
548 1132 612 1193 lieri
634 1132 684 1193 illa
704 1152 765 1193 aion
786 1152 892 1213 posse:
920 1152 977 1195 neo
996 1132 1119 1194 omnino
1136 1134 1285 1215 proponit
1301 1134 1352 1195 sibi

237 1222 392 1303 tritisquam
416 1241 466 1295 ea,
489 1240 564 1300 quae
582 1227 709 1299 possunt
729 1220 848 1299 osiridem
871 1222 952 1293 bari,
974 1221 1028 1281 sed
1051 1239 1179 1301 quornm
1202 1221 1353 1283 iaciendo·

236 1328 304 1371 rum
327 1309 374 1369 rel
392 1328 452 1369 non
476 1307 679 1370 faciendorum
698 1316 877 1388 potestatem
897 1308 953 1370 sibi
978 1326 1040 1371 non
1060 1328 1126 1371 esse
1148 1308 1250 1371 datam
1268 1309 1354 1372 intel·

236 1398 309 1477 tigit
350 1396 394 1457 En
412 1396 458 1457 bis
479 1403 620 1477 apparet,
651 1396 731 1476 quod
752 1396 892 1475 «patasini
915 1398 1062 1476 agendum
1082 1395 1215 1458 adhibito
1239 1398 1354 1460 delectu

237 1484 326 1547 officii
353 1493 521 1565 proponat,
547 1484 578 1545 id
600 1504 666 1545 esse
692 1484 819 1563 aliquid,
851 1486 930 1565 (prod
960 1484 991 1546 in
1012 1484 1107 1565 ipsius
1132 1483 1223 1547 situm
1243 1485 1283 1547 sit
1299 1506 1354 1568 po-

235 1580 350 1636 testate.

149 1678 233 1731 ima.
322 1659 464 1722 Similiter
489 1659 610 1739 planum
635 1669 680 1721 ost
698 1679 737 1721 ne
766 1660 968 1741 opinationem
987 1660 1106 1741 quidem
1129 1680 1197 1723 esse
1218 1660 1354 1724 volunta·

234 1758 294 1813 tem
319 1750 526 1821 deliberatam,
549 1767 647 1827 neqne
669 1749 845 1829 simpliciter
866 1752 891 1813 si
916 1749 981 1829 epiris
1000 1748 1070 1829 qnid
1092 1756 1187 1829 putet.
1228 1750 1303 1811 Nam
1324 1750 1352 1811 in

234 1846 383 1919 potestate
394 1844 497 1897 nostra
515 1836 604 1897 debet
621 1854 687 1897 esse
703 1856 763 1909 res,
782 1836 865 1899 cuius
884 1838 1016 1917 agendae
1034 1836 1193 1899 eonsilium
1210 1838 1351 1918 sapimus.

235 1926 400 2007 Opinamur
420 1932 520 1986 antem
543 1923 580 1985 de
595 1924 712 1997 mullis,
737 1944 812 2004 qttao
834 1933 916 1987 extra
940 1932 1118 2005 potestatem
1140 1932 1278 1989 nostram
1299 1946 1351 2007 po·
1382 1964 1386 2053 p

235 2014 290 2075 sita
315 2023 401 2085 sunt,
439 2020 471 2074 nt
498 2013 536 2072 ‹le
568 2011 711 2073 diametra
738 2031 927 2075 communem
958 2031 1024 2073 oiim
1054 2013 1149 2075 latere
1182 2032 1351 2075 mensuram

234 2103 371 2163 babente.
424 2100 508 2161 Adde
534 2101 614 2179 ‹ptriid
647 2100 782 2161 voluntas
806 2100 966 2162 deliberata
995 2118 1057 2161 non
1085 2107 1187 2181 potest
1208 2102 1350 2183 appellari
1381 2100 1385 2155 l

202 2202 215 2243 a
234 2210 302 2249 rora
326 2199 374 2249 ant
394 2189 475 2259 salsa,
500 2206 555 2248 neo
573 2206 674 2249 rerann
693 2190 874 2267 agendarum
893 2189 924 2249 in
941 2196 1043 2249 nostra
1059 2195 1211 2269 potestate
1231 2190 1349 2252 sitarum

235 2276 355 2357 opinio,
384 2294 440 2355 qim
461 2282 600 2354 putamus
623 2276 733 2337 debera
756 2295 812 2337 nos
833 2275 942 2357 aliquid
968 2276 1067 2338 lacero
1089 2276 1137 2337 vel
1160 2296 1224 2338 non
1246 2278 1348 2340 lacere.

233 2365 298 2425 Hoc
324 2372 423 2424 autom
454 2381 611 2423 oommuno
641 2370 687 2424 est
714 2364 849 2443 opinioni
880 2372 910 2424 ot
933 2362 1094 2425 voluntati:
1130 2364 1247 2445 quippe
1265 2384 1347 2427 nemo

234 2451 390 2513 eonsilium
412 2451 491 2530 carpsit
513 2451 550 2511 tle
571 2452 648 2523 line,
682 2452 736 2511 sed
759 2452 796 2512 de
818 2451 881 2523 bis,
908 2470 983 2531 quae
1010 2452 1046 2512 ad
1069 2452 1162 2513 finem
1184 2453 1347 2515 oonlerunt.

231 2539 366 2619 Exempli
386 2538 478 2617 gratia
493 2558 581 2599 nerim
601 2538 758 2599 coirsilium
782 2538 859 2618 capit
881 2540 995 2611 valere,
1022 2540 1076 2601 sed
1095 2539 1289 2603 deambulare
1307 2541 1347 2601 rel

231 2627 362 2689 assidere
386 2633 511 2706 proptor
535 2626 747 2687 valetudinem:
774 2644 871 2705 neque
893 2627 998 2689 beatus
1021 2646 1088 2688 esso
1112 2626 1169 2689 sibi
1198 2629 1346 2710 proponit,

187 2728 214 2771 to
232 2716 285 2777 sed
310 2714 452 2795 proponit
475 2712 531 2774 sibi
550 2732 656 2791 parare
679 2733 754 2793 opos
773 2714 820 2775 vel
842 2714 943 2775 subire
966 2714 1114 2795 pericula,
1137 2721 1172 2775 ut
1192 2716 1347 2778 beatitudi-

231 2822 301 2865 nem
324 2810 512 2881 assequatur:
540 2808 628 2879 atauo
659 2800 781 2862 omnino
804 2802 934 2863 declarat
955 2821 1076 2882 semper
1097 2801 1165 2875 ille,
1198 2802 1251 2881 qui
1276 2804 1347 2885 capit

232 2891 453 2961 consiliumet
476 2890 512 2949 do
536 2907 594 2968 qno
619 2898 649 2949 et
669 2888 751 2949 unitis
778 2889 869 2965 gratia
889 2889 963 2951 illud
985 2888 1140 2951 consilium
1164 2890 1279 2971 sapiat:
1308 2900 1346 2953 est

230 2988 329 3041 autem
352 2978 442 3049 illud,
475 2976 557 3037 cuius
585 2976 677 3055 gratia
697 2977 854 3038 eorisilium
878 2977 972 3057 capit,
1004 2978 1099 3051 aliud,
1136 2978 1206 3039 linis
1229 2979 1345 3051 scilicet,

230 3068 433 3138 illudentem,
456 3065 493 3125 do
516 3084 574 3143 (guo
598 3064 754 3125 soiisiliinn
774 3064 861 3145 capit,
884 3071 1011 3145 propter
1031 3064 1120 3127 aliud.
1167 3066 1345 3130 tutantem

179 3146 186 3157 '
228 3154 355 3215 maxime
387 3153 493 3225 finem,
526 3159 555 3211 ot
584 3152 723 3231 opinatur
754 3153 864 3213 dobere
889 3172 921 3213 se
952 3160 982 3213 ot
1008 3152 1107 3214 valere
1130 3159 1161 3215 et
1186 3153 1345 3217 bonorem
1374 3144 1377 3243 l

185 3255 211 3299 aa
233 3260 346 3321 gerere.
391 3239 492 3319 ltaque
521 3246 602 3318 patet
629 3259 662 3301 en
693 3239 739 3300 bis
767 3241 950 3303 rolinnatem
979 3240 1171 3302 deliberatam
1203 3242 1344 3305 diversam

230 3350 296 3390 osse
320 3327 357 3389 ab
389 3326 530 3407 opinione
555 3334 584 3387 ot
607 3346 624 3387 a
650 3328 800 3388 voluntate
828 3328 859 3388 in
884 3328 1065 3390 universum.
1108 3328 1253 3391 Voluntas
1272 3330 1343 3393 eriin

228 3417 275 3478 illa
296 3416 433 3476 universa
457 3421 486 3474 et
511 3414 611 3495 opinio
634 3415 759 3475 rmninm
781 3416 818 3476 ad
842 3418 932 3477 linem
954 3423 1086 3497 spectat,
1115 3416 1255 3479 voluntas
1276 3417 1343 3481 deli-

227 3504 330 3565 berata
349 3521 410 3563 non
432 3502 512 3564 item.

313 3589 414 3669 ltaque
436 3591 617 3651 voluntatem
637 3589 828 3651 deliberatam
850 3609 910 3652 non
935 3610 1002 3654 esse
1025 3591 1210 3655 voluntatem
1228 3592 1260 3655 in
1281 3592 1342 3655 uni·

228 3696 364 3751 vorsum,
391 3697 488 3757 troque
517 3698 586 3738 vero
614 3677 832 3757 opinationem,
867 3698 965 3758 ireque
985 3679 1072 3741 otiam
1094 3680 1185 3741 animi
1205 3680 1342 3761 placitum

226 3764 410 3845 simpliciter,
432 3766 553 3846 planum
576 3773 629 3825 est.
676 3767 834 3837 Quoinodo
856 3775 955 3828 atatem
976 3767 1013 3829 ab
1031 3768 1077 3829 bis
1098 3767 1199 3829 dillert
1219 3778 1251 3831 et
1272 3788 1342 3849 quae
1372 3815 1374 3821 .

228 3862 273 3913 ost
288 3854 350 3914 eius
367 3854 403 3914 ad
422 3852 619 3914 voluntarium
637 3850 736 3913 ratio?
759 3854 825 3926 Quo
843 3855 961 3933 oognito
977 3855 1065 3916 simul
1079 3854 1265 3935 intelligetur
1277 3856 1342 3937 quid

181 3952 209 3997 to
229 3942 346 4002 tandem
377 3942 415 4002 sit
436 3942 571 4002 voluntas
597 3940 767 4001 deliberata.
813 3941 906 4019 lgitnr
927 3962 1048 4016 eorum,
1077 3963 1153 4022 ottae
1175 3952 1206 4005 et
1229 3963 1296 4006 osse
1317 3951 1342 4005 et

224 4049 287 4090 non
304 4048 369 4091 esse
393 4036 528 4109 possunt,
552 4026 607 4087 alia
629 4036 699 4088 sunt
719 4029 873 4101 eiusmodi,
897 4038 930 4089 ut
951 4030 1047 4111 possit
1070 4031 1108 4093 de
1125 4030 1162 4093 iis
1181 4030 1252 4093 iniri
1272 4030 1341 4095 deli·
1369 4026 1374 4151 p

222 4117 352 4178 boratio:
390 4118 427 4178 de
457 4116 520 4176 aliis
541 4134 612 4176 vero
638 4135 699 4177 non
720 4124 829 4195 potest
884 4120 1035 4190 Quaedam
1062 4118 1142 4180 enim
1165 4128 1295 4199 possunt
1315 4128 1339 4180 et

224 4224 290 4265 esse
307 4216 337 4266 et
354 4223 415 4266 non
439 4222 523 4265 osse:
550 4211 579 4264 at
600 4223 662 4264 non
684 4214 729 4265 est
750 4204 781 4266 in
804 4212 952 4284 potestate
975 4214 1078 4289 nostra
1100 4225 1207 4269 eorum
1229 4207 1339 4288 produ·
1370 4220 1373 4297 Ι

180 4302 207 4347 aa
226 4292 293 4366 etio,
313 4294 367 4353 sed
390 4291 498 4371 partim
516 4300 631 4364 natura,
654 4292 762 4371 partim
784 4312 840 4372 per
863 4293 934 4355 alias
957 4313 1060 4357 causas
1079 4304 1281 4373 generantur:
1307 4294 1339 4355 de

224 4380 331 4457 quibus
360 4380 479 4458 quidem
505 4398 594 4441 nemo
625 4398 713 4440 sanae
739 4380 848 4442 mentis
877 4382 1044 4445 deliberare
1071 4381 1218 4446 institunt
1263 4384 1338 4459 Quae
1369 4370 1374 4453 i

221 4486 293 4527 vero
310 4485 371 4528 non
389 4467 487 4529 solum
505 4474 632 4548 possunt
654 4467 719 4529 lieri
742 4468 789 4530 vel
807 4487 869 4532 non
885 4468 960 4545 lieri,
981 4488 1088 4535 rorum
1107 4470 1199 4537 ob'am
1218 4470 1252 4537 'm
1273 4490 1338 4534 oon-
1369 4475 1374 4490 “’
