2776 4836
80 1301 343 1402 unorum
361 1291 648 1399 runononos
664 1295 957 1397 annuamus
973 1216 1290 1393 rurrusouus

518 1540 681 1605 LECTORI
703 1539 863 1603 clhhloo

680 1750 709 1807 S.
846 1803 849 1810 .

197 2020 257 2134 Si
278 2085 393 2134 verum
411 2071 484 2154 est,
512 2066 553 2132 ad
580 2066 702 2132 cultum
729 2067 906 2131 animorum
929 2071 1078 2131 sanctum
1099 2056 1206 2152 atque*
1219 2065 1283 2131 sin·

92 2208 205 2255 cerum
228 2192 307 2254 ante
328 2187 435 2253 omnia
459 2187 581 2273 requiri
604 2187 821 2272 cognitionem
839 2204 879 2252 ac
907 2184 1002 2251 fidem
1031 2205 1138 2252 rerum
1159 2185 1289 2252 divina-v

90 2329 163 2374 rum
183 2309 350 2394 vitamque
365 2313 490 2373 castam
512 2313 606 2373 etex
626 2307 812 2393 praeceptis
834 2304 1026 2373 Servatoris
1045 2305 1286 2392 instituendam,

91 2435 160 2494 tum
183 2448 264 2495 vero
286 2426 397 2494 studia
418 2445 530 2493 earum
549 2427 678 2516 artium,
696 2445 781 2513 quae
801 2426 843 2492 ad
867 2425 1097 2492 humanitatem
1114 2427 1288 2513 pertinent,

91 2568 157 2615 non
177 2568 255 2615 esse
275 2547 490 2634 negligenda:
521 2552 556 2614 et
577 2547 608 2613 si
629 2566 742 2615 verum
764 2552 837 2635 est,
866 2545 928 2612 has
949 2547 1053 2613 bonas
1075 2551 1184 2634 artes,
1204 2546 1289 2612 inter

91 2687 176 2755 quas
194 2667 400 2754 philosophia
422 2686 488 2734 non
504 2666 646 2733 intimum
664 2667 769 2733 locum
791 2660 984 2754 occupavit,
1014 2685 1035 2732 a
1058 2666 1197 2734 Graecis
1215 2666 1290 2732 olim

92 2789 141 2853 ita
163 2792 323 2853 tractatas
352 2793 387 2853 et
417 2788 569 2854 excultas
593 2805 689 2876 esse,
718 2793 773 2875 ut,
799 2787 982 2873 quicunque
1003 2785 1161 2872 prolicere
1183 2786 1217 2852 in
1238 2785 1289 2852 his

93 2907 223 2994 cupiat,
245 2906 288 2971 ad
311 2905 419 2973 fontes
442 2907 517 2972 illos
538 2926 638 2992 puros
657 2923 698 2972 ac
718 2906 877 2994 liquidos,
903 2925 986 2992 quos
1008 2906 1186 2992 antiquitas
1207 2924 1291 2993 ape-

91 3027 171 3114 ruit,
193 3025 304 3092 redire
322 3031 356 3090 et
371 3044 414 3091 ex
427 3024 479 3090 his
493 3061 536 3071 —
554 3043 715 3109 nunquam
734 3024 889 3092 videlicet
907 3024 1104 3091 intermissis
1122 3043 1290 3091 sacrarum

90 3148 275 3213 litterarum
302 3144 422 3211 studiis
453 3184 491 3193 -
523 3161 637 3211 auram
663 3144 797 3212 vitalem
825 3142 957 3210 haurire
976 3143 1113 3209 debeat:
1142 3143 1290 3212 facturus

92 3285 218 3353 operae
237 3266 378 3352 pretium
390 3264 468 3330 mihi
485 3265 578 3332 visus
594 3284 678 3352 sum,
700 3265 731 3329 si
744 3263 886 3330 editione
906 3282 994 3330 novo
1013 3262 1160 3330 homines
1176 3264 1290 3331 doctos

92 3387 228 3453 allicere
254 3385 421 3452 studerem
440 3385 482 3451 ad
506 3386 679 3452 lectionem
701 3384 775 3450 libri
794 3384 906 3450 multis
925 3383 1107 3450 nominibus
1125 3383 1289 3451 laudandi.

93 3509 181 3572 Nam
203 3504 389 3572 laudandus
419 3511 470 3571 est
492 3506 596 3593 liber,
625 3505 681 3591 qui
707 3523 763 3570 res
785 3523 881 3590 quum
905 3503 948 3570 ad
967 3503 1193 3591 antiquitatem
1214 3507 1291 3572 uni-

94 3644 240 3713 versam,
258 3632 326 3691 tum
346 3625 389 3691 ad
409 3624 647 3712 philosophiam
666 3624 856 3690 Aristotelis
877 3624 1138 3710 cognoscendam
1154 3624 1292 3691 utilissi-

93 3763 167 3810 mas
189 3747 373 3833 contineat,
402 3744 586 3832 multaque,
617 3762 702 3830 quae
729 3763 772 3810 ne
801 3743 988 3811 Christiano
1012 3743 1142 3831 quidem
1164 3743 1292 3810 homine

94 3863 230 3949 indigna
258 3865 343 3952 sint,
370 3864 561 3951 praecipiat.
603 3862 804 3950 Quamquam
834 3870 907 3931 erat
936 3864 1141 3951 periculosae
1162 3863 1293 3948 plenum

94 4001 180 4067 opus
200 3983 294 4050 aleae
317 3984 528 4071 interpretari
549 3985 683 4072 librum,
709 4003 804 4069 quem
826 4003 922 4051 nemo
951 3989 1030 4051 ante
1050 4001 1103 4049 me
1125 3982 1292 4068 explicare

94 4101 236 4168 animum
265 4102 412 4190 induxit,
454 4110 489 4171 et
518 4104 610 4170 cuius
640 4104 744 4171 verba
773 4104 904 4172 Graeca
928 4102 1040 4169 multis
1066 4101 1148 4168 locis
1178 4120 1294 4168 corru-

92 4221 246 4311 ptissima
279 4227 375 4310 sunt,
414 4229 450 4290 ut
478 4223 821 4311 Schleiermaeherus,
862 4224 918 4310 qui
946 4222 1077 4290 Graece
1114 4223 1295 4291 luculenter

94 4341 236 4430 sciebat,
259 4340 398 4428 paginas
417 4343 574 4431 quasdam
584 4341 607 4433 ,'
623 4361 705 4430 quas
724 4342 835 4410 Chaos
854 4343 1018 4432 appellat,
1042 4343 1100 4411 vix
1123 4362 1223 4431 posse
1243 4343 1296 4408 in-

95 4461 201 4548 telligi
232 4459 404 4549 protessus
426 4463 480 4530 sit.
530 4462 600 4546 Quo
628 4464 750 4551 magis,
781 4468 934 4549 quantum
955 4483 1008 4532 me
1033 4465 1176 4533 iuverint
1198 4480 1297 4530 curae
