<?xml version="1.0" encoding="UTF-8"?>
<!DOCTYPE html PUBLIC "-//W3C//DTD XHTML 1.0 Transitional//EN"
    "http://www.w3.org/TR/xhtml1/DTD/xhtml1-transitional.dtd">
<html xmlns="http://www.w3.org/1999/xhtml" xml:lang="en" lang="en">
 <head>
  <title>
</title>
<meta http-equiv="Content-Type" content="text/html;charset=utf-8" />
  <meta name='ocr-system' content='tesseract 3.04.00' />
  <meta name='ocr-capabilities' content='ocr_page ocr_carea ocr_par ocr_line ocrx_word'/>
</head>
<body>
  <div class='ocr_page' id='page_1' title='image "./ethicaeudemia00arisgoog_0352.png"; bbox 0 0 2784 4838; ppageno 0'>
   <div class='ocr_carea' id='block_1_1' title="bbox 145 188 1386 345">
    <p class='ocr_par' dir='ltr' id='par_1_1' title="bbox 145 188 1386 345">
     <span class='ocr_line' id='line_1_1' title="bbox 145 188 1386 345; baseline -0.011 -71"><span class='ocrx_word' id='word_1_1' title='bbox 145 188 224 273; x_wconf 78' lang='lat'><strong>298</strong></span> <span class='ocrx_word' id='word_1_2' title='bbox 687 190 809 269; x_wconf 80' lang='lat' dir='ltr'><strong>llll.</strong></span> <span class='ocrx_word' id='word_1_3' title='bbox 1382 306 1386 345; x_wconf 48' lang='grc' dir='ltr'>Ι</span> 
     </span>
    </p>
   </div>
   <div class='ocr_carea' id='block_1_2' title="bbox 145 383 1386 2469">
    <p class='ocr_par' dir='ltr' id='par_1_2' title="bbox 147 383 1386 643">
     <span class='ocr_line' id='line_1_2' title="bbox 147 383 1385 467; baseline 0.003 -18"><span class='ocrx_word' id='word_1_4' title='bbox 147 386 324 449; x_wconf 67' lang='lat' dir='ltr'><strong>miamin</strong></span> <span class='ocrx_word' id='word_1_5' title='bbox 344 386 463 467; x_wconf 79' lang='lat' dir='ltr'><strong>puden</strong></span> <span class='ocrx_word' id='word_1_6' title='bbox 481 396 512 447; x_wconf 89' lang='lat' dir='ltr'><strong>et</strong></span> <span class='ocrx_word' id='word_1_7' title='bbox 532 386 660 447; x_wconf 77' lang='lat' dir='ltr'><strong>audaces</strong></span> <span class='ocrx_word' id='word_1_8' title='bbox 679 385 834 466; x_wconf 89' lang='lat' dir='ltr'><strong>decipiunt</strong></span> <span class='ocrx_word' id='word_1_9' title='bbox 854 402 923 449; x_wconf 81' lang='lat' dir='ltr'><strong>aeae</strong></span> <span class='ocrx_word' id='word_1_10' title='bbox 944 385 984 448; x_wconf 88' lang='lat' dir='ltr'><strong>ob</strong></span> <span class='ocrx_word' id='word_1_11' title='bbox 1000 383 1136 449; x_wconf 74' lang='lat' dir='ltr'><strong>babitus:</strong></span> <span class='ocrx_word' id='word_1_12' title='bbox 1158 402 1233 451; x_wconf 79' lang='lat' dir='ltr'><strong>nam</strong></span> <span class='ocrx_word' id='word_1_13' title='bbox 1251 385 1348 449; x_wconf 86' lang='lat' dir='ltr'><strong>timido</strong></span> <span class='ocrx_word' id='word_1_14' title='bbox 1380 388 1385 453; x_wconf 81' lang='lat' dir='ltr'><strong>l</strong></span> 
     </span>
     <span class='ocr_line' id='line_1_3' title="bbox 234 472 1386 563; baseline -0.002 -26"><span class='ocrx_word' id='word_1_15' title='bbox 234 485 264 537; x_wconf 88' lang='lat' dir='ltr'><strong>et</strong></span> <span class='ocrx_word' id='word_1_16' title='bbox 282 494 334 547; x_wconf 87' lang='lat' dir='ltr'><strong>ea,</strong></span> <span class='ocrx_word' id='word_1_17' title='bbox 364 494 440 553; x_wconf 90' lang='lat' dir='ltr'><strong>quae</strong></span> <span class='ocrx_word' id='word_1_18' title='bbox 462 493 522 537; x_wconf 92' lang='lat' dir='ltr'><strong>non</strong></span> <span class='ocrx_word' id='word_1_19' title='bbox 546 484 618 535; x_wconf 78' lang='lat' dir='ltr'><strong>erint</strong></span> <span class='ocrx_word' id='word_1_20' title='bbox 640 474 798 547; x_wconf 78' lang='lat' dir='ltr'><strong>terribilia,</strong></span> <span class='ocrx_word' id='word_1_21' title='bbox 827 472 971 537; x_wconf 77' lang='lat' dir='ltr'><strong>terribilia</strong></span> <span class='ocrx_word' id='word_1_22' title='bbox 993 490 1060 537; x_wconf 72' lang='lat' dir='ltr'><strong>ease</strong></span> <span class='ocrx_word' id='word_1_23' title='bbox 1081 472 1243 549; x_wconf 87' lang='lat' dir='ltr'><strong>ridentur,</strong></span> <span class='ocrx_word' id='word_1_24' title='bbox 1269 482 1299 537; x_wconf 88' lang='lat' dir='ltr'><strong>et</strong></span> <span class='ocrx_word' id='word_1_25' title='bbox 1317 494 1347 536; x_wconf 90' lang='lat' dir='ltr'><strong>ea</strong></span> <span class='ocrx_word' id='word_1_26' title='bbox 1381 496 1386 563; x_wconf 72' lang='lat' dir='ltr'><strong>l</strong></span> 
     </span>
     <span class='ocr_line' id='line_1_4' title="bbox 233 562 1347 643; baseline 0 -20"><span class='ocrx_word' id='word_1_27' title='bbox 233 582 309 643; x_wconf 88' lang='lat' dir='ltr'><strong>quae</strong></span> <span class='ocrx_word' id='word_1_28' title='bbox 330 563 434 624; x_wconf 88' lang='lat' dir='ltr'><strong>leviter</strong></span> <span class='ocrx_word' id='word_1_29' title='bbox 456 571 598 635; x_wconf 87' lang='lat' dir='ltr'><strong>terreant,</strong></span> <span class='ocrx_word' id='word_1_30' title='bbox 615 562 744 625; x_wconf 89' lang='lat' dir='ltr'><strong>eundem</strong></span> <span class='ocrx_word' id='word_1_31' title='bbox 763 564 956 624; x_wconf 82' lang='lat' dir='ltr'><strong>veliementer</strong></span> <span class='ocrx_word' id='word_1_32' title='bbox 974 570 1105 625; x_wconf 87' lang='lat' dir='ltr'><strong>terrent:</strong></span> <span class='ocrx_word' id='word_1_33' title='bbox 1124 570 1234 625; x_wconf 76' lang='lat' dir='ltr'><strong>oontn</strong></span> <span class='ocrx_word' id='word_1_34' title='bbox 1250 563 1347 625; x_wconf 84' lang='lat' dir='ltr'><strong>audaci</strong></span> 
     </span>
    </p>

    <p class='ocr_par' dir='ltr' id='par_1_3' title="bbox 188 616 1386 1258">
     <span class='ocr_line' id='line_1_5' title="bbox 188 616 1386 729; baseline 0.007 -24"><span class='ocrx_word' id='word_1_35' title='bbox 188 660 216 705; x_wconf 77' lang='lat' dir='ltr'><strong>aa</strong></span> <span class='ocrx_word' id='word_1_36' title='bbox 235 672 286 723; x_wconf 88' lang='lat' dir='ltr'><strong>ea,</strong></span> <span class='ocrx_word' id='word_1_37' title='bbox 309 670 384 729; x_wconf 76' lang='lat' dir='ltr'><strong>aqueae</strong></span> <span class='ocrx_word' id='word_1_38' title='bbox 407 651 548 713; x_wconf 87' lang='lat' dir='ltr'><strong>terribilia</strong></span> <span class='ocrx_word' id='word_1_39' title='bbox 567 658 654 723; x_wconf 79' lang='lat' dir='ltr'><strong>erunt,</strong></span> <span class='ocrx_word' id='word_1_40' title='bbox 673 650 825 723; x_wconf 80' lang='lat' dir='ltr'><strong>eradenda,</strong></span> <span class='ocrx_word' id='word_1_41' title='bbox 849 658 880 712; x_wconf 86' lang='lat' dir='ltr'><strong>et</strong></span> <span class='ocrx_word' id='word_1_42' title='bbox 899 668 949 721; x_wconf 88' lang='lat' dir='ltr'><strong>ea,</strong></span> <span class='ocrx_word' id='word_1_43' title='bbox 972 668 1049 729; x_wconf 92' lang='lat' dir='ltr'><strong>quae</strong></span> <span class='ocrx_word' id='word_1_44' title='bbox 1070 652 1271 713; x_wconf 80' lang='lat' dir='ltr'><strong>vehementer</strong></span> <span class='ocrx_word' id='word_1_45' title='bbox 1291 658 1346 713; x_wconf 88' lang='lat' dir='ltr'><strong>ter·</strong></span> <span class='ocrx_word' id='word_1_46' title='bbox 1382 616 1386 721; x_wconf 72' lang='lat' dir='ltr'><strong>i</strong></span> 
     </span>
     <span class='ocr_line' id='line_1_6' title="bbox 233 738 1347 819; baseline -0.003 -17"><span class='ocrx_word' id='word_1_47' title='bbox 233 746 336 811; x_wconf 89' lang='lat' dir='ltr'><strong>reant,</strong></span> <span class='ocrx_word' id='word_1_48' title='bbox 361 738 466 799; x_wconf 84' lang='lat' dir='ltr'><strong>leviter</strong></span> <span class='ocrx_word' id='word_1_49' title='bbox 489 748 603 799; x_wconf 88' lang='lat' dir='ltr'><strong>terrere</strong></span> <span class='ocrx_word' id='word_1_50' title='bbox 626 739 778 801; x_wconf 88' lang='lat' dir='ltr'><strong>ridentur:</strong></span> <span class='ocrx_word' id='word_1_51' title='bbox 808 748 912 801; x_wconf 89' lang='lat' dir='ltr'><strong>eontra</strong></span> <span class='ocrx_word' id='word_1_52' title='bbox 931 738 996 801; x_wconf 80' lang='lat' dir='ltr'><strong>viro</strong></span> <span class='ocrx_word' id='word_1_53' title='bbox 1019 738 1089 799; x_wconf 89' lang='lat' dir='ltr'><strong>lorti</strong></span> <span class='ocrx_word' id='word_1_54' title='bbox 1105 756 1158 813; x_wconf 90' lang='lat' dir='ltr'><strong>ea,</strong></span> <span class='ocrx_word' id='word_1_55' title='bbox 1180 756 1262 819; x_wconf 90' lang='lat' dir='ltr'><strong>quae</strong></span> <span class='ocrx_word' id='word_1_56' title='bbox 1282 758 1347 800; x_wconf 83' lang='lat' dir='ltr'><strong>vere</strong></span> 
     </span>
     <span class='ocr_line' id='line_1_7' title="bbox 234 826 1386 907; baseline 0 -19"><span class='ocrx_word' id='word_1_57' title='bbox 234 828 293 889; x_wconf 77' lang='lat' dir='ltr'><strong>sint</strong></span> <span class='ocrx_word' id='word_1_58' title='bbox 314 826 475 899; x_wconf 79' lang='lat' dir='ltr'><strong>horribilia,</strong></span> <span class='ocrx_word' id='word_1_59' title='bbox 501 826 651 889; x_wconf 76' lang='lat' dir='ltr'><strong>horribilia</strong></span> <span class='ocrx_word' id='word_1_60' title='bbox 674 827 821 888; x_wconf 71' lang='lat' dir='ltr'><strong>videntne</strong></span> <span class='ocrx_word' id='word_1_61' title='bbox 866 826 968 905; x_wconf 92' lang='lat' dir='ltr'><strong>ltaque</strong></span> <span class='ocrx_word' id='word_1_62' title='bbox 990 844 1047 887; x_wconf 87' lang='lat' dir='ltr'><strong>neo</strong></span> <span class='ocrx_word' id='word_1_63' title='bbox 1068 827 1111 899; x_wconf 83' lang='lat' dir='ltr'><strong>is,</strong></span> <span class='ocrx_word' id='word_1_64' title='bbox 1135 826 1187 905; x_wconf 93' lang='lat' dir='ltr'><strong>qui</strong></span> <span class='ocrx_word' id='word_1_65' title='bbox 1207 828 1249 889; x_wconf 91' lang='lat' dir='ltr'><strong>ob</strong></span> <span class='ocrx_word' id='word_1_66' title='bbox 1266 827 1347 907; x_wconf 76' lang='lat' dir='ltr'><strong>igno-</strong></span> <span class='ocrx_word' id='word_1_67' title='bbox 1382 830 1386 857; x_wconf 82' lang='lat'><strong>¹</strong></span> 
     </span>
     <span class='ocr_line' id='line_1_8' title="bbox 234 910 1386 995; baseline 0.002 -18"><span class='ocrx_word' id='word_1_68' title='bbox 234 915 357 977; x_wconf 81' lang='lat' dir='ltr'><strong>rentiam</strong></span> <span class='ocrx_word' id='word_1_69' title='bbox 384 914 528 977; x_wconf 83' lang='lat' dir='ltr'><strong>terribilia</strong></span> <span class='ocrx_word' id='word_1_70' title='bbox 552 915 693 985; x_wconf 74' lang='lat' dir='ltr'><strong>sustinet,</strong></span> <span class='ocrx_word' id='word_1_71' title='bbox 725 915 808 975; x_wconf 77' lang='lat' dir='ltr'><strong>teir-tie</strong></span> <span class='ocrx_word' id='word_1_72' title='bbox 836 914 892 975; x_wconf 88' lang='lat' dir='ltr'><strong>dici</strong></span> <span class='ocrx_word' id='word_1_73' title='bbox 920 923 1035 994; x_wconf 84' lang='lat' dir='ltr'><strong>potest,</strong></span> <span class='ocrx_word' id='word_1_74' title='bbox 1063 914 1194 995; x_wconf 81' lang='lat' dir='ltr'><strong>exempli</strong></span> <span class='ocrx_word' id='word_1_75' title='bbox 1216 932 1306 977; x_wconf 86' lang='lat' dir='ltr'><strong>eausa</strong></span> <span class='ocrx_word' id='word_1_76' title='bbox 1326 916 1347 975; x_wconf 89' lang='lat' dir='ltr'><strong>si</strong></span> <span class='ocrx_word' id='word_1_77' title='bbox 1381 910 1386 979; x_wconf 88' lang='lat' dir='ltr'><strong>l</strong></span> 
     </span>
     <span class='ocr_line' id='line_1_9' title="bbox 234 981 1386 1083; baseline 0.001 -20"><span class='ocrx_word' id='word_1_78' title='bbox 234 1003 300 1083; x_wconf 80' lang='lat' dir='ltr'><strong>quie</strong></span> <span class='ocrx_word' id='word_1_79' title='bbox 328 1002 449 1063; x_wconf 75' lang='lat' dir='ltr'><strong>fulmina</strong></span> <span class='ocrx_word' id='word_1_80' title='bbox 473 1022 532 1063; x_wconf 92' lang='lat' dir='ltr'><strong>non</strong></span> <span class='ocrx_word' id='word_1_81' title='bbox 561 1003 652 1079; x_wconf 78' lang='lat' dir='ltr'><strong>lquiat</strong></span> <span class='ocrx_word' id='word_1_82' title='bbox 675 1002 713 1063; x_wconf 96' lang='lat' dir='ltr'><strong>ob</strong></span> <span class='ocrx_word' id='word_1_83' title='bbox 740 1003 902 1064; x_wconf 80' lang='lat' dir='ltr'><strong>insaniam:</strong></span> <span class='ocrx_word' id='word_1_84' title='bbox 932 1020 989 1063; x_wconf 89' lang='lat' dir='ltr'><strong>nee</strong></span> <span class='ocrx_word' id='word_1_85' title='bbox 1006 1002 1051 1075; x_wconf 83' lang='lat' dir='ltr'><strong>si,</strong></span> <span class='ocrx_word' id='word_1_86' title='bbox 1083 1002 1205 1081; x_wconf 77' lang='lat' dir='ltr'><strong>cognita</strong></span> <span class='ocrx_word' id='word_1_87' title='bbox 1226 1003 1347 1083; x_wconf 80' lang='lat' dir='ltr'><strong>periculi</strong></span> <span class='ocrx_word' id='word_1_88' title='bbox 1381 981 1386 1037; x_wconf 65' lang='lat' dir='ltr'><strong>i</strong></span> 
     </span>
     <span class='ocr_line' id='line_1_10' title="bbox 234 1064 1385 1171; baseline -0.002 -18"><span class='ocrx_word' id='word_1_89' title='bbox 234 1090 446 1167; x_wconf 72' lang='lat' dir='ltr'><strong>magnitudine,</strong></span> <span class='ocrx_word' id='word_1_90' title='bbox 469 1091 602 1170; x_wconf 83' lang='lat' dir='ltr'><strong>perienlo</strong></span> <span class='ocrx_word' id='word_1_91' title='bbox 618 1090 732 1152; x_wconf 88' lang='lat' dir='ltr'><strong>olniam</strong></span> <span class='ocrx_word' id='word_1_92' title='bbox 755 1100 803 1151; x_wconf 88' lang='lat' dir='ltr'><strong>eat</strong></span> <span class='ocrx_word' id='word_1_93' title='bbox 817 1090 856 1151; x_wconf 89' lang='lat' dir='ltr'><strong>ob</strong></span> <span class='ocrx_word' id='word_1_94' title='bbox 875 1091 957 1165; x_wconf 87' lang='lat' dir='ltr'><strong>iram,</strong></span> <span class='ocrx_word' id='word_1_95' title='bbox 981 1090 1238 1171; x_wconf 77' lang='lat' dir='ltr'><strong>quemadmodum</strong></span> <span class='ocrx_word' id='word_1_96' title='bbox 1253 1090 1347 1153; x_wconf 87' lang='lat' dir='ltr'><strong>Celtae</strong></span> <span class='ocrx_word' id='word_1_97' title='bbox 1382 1064 1385 1121; x_wconf 73' lang='grc' dir='ltr'>Ι</span> 
     </span>
     <span class='ocr_line' id='line_1_11' title="bbox 234 1178 1382 1258; baseline -0.003 -17"><span class='ocrx_word' id='word_1_98' title='bbox 234 1178 323 1241; x_wconf 85' lang='lat' dir='ltr'><strong>armie</strong></span> <span class='ocrx_word' id='word_1_99' title='bbox 343 1178 470 1258; x_wconf 78' lang='lat' dir='ltr'><strong>srrrrrplis</strong></span> <span class='ocrx_word' id='word_1_100' title='bbox 491 1178 606 1239; x_wconf 76' lang='lat' dir='ltr'><strong>oleriani</strong></span> <span class='ocrx_word' id='word_1_101' title='bbox 626 1186 699 1238; x_wconf 90' lang='lat' dir='ltr'><strong>eunt</strong></span> <span class='ocrx_word' id='word_1_102' title='bbox 716 1178 819 1249; x_wconf 78' lang='lat' dir='ltr'><strong>erudis,</strong></span> <span class='ocrx_word' id='word_1_103' title='bbox 847 1186 937 1258; x_wconf 84' lang='lat' dir='ltr'><strong>utepro</strong></span> <span class='ocrx_word' id='word_1_104' title='bbox 958 1178 990 1239; x_wconf 94' lang='lat' dir='ltr'><strong>in</strong></span> <span class='ocrx_word' id='word_1_105' title='bbox 1012 1178 1188 1239; x_wconf 83' lang='lat' dir='ltr'><strong>universum</strong></span> <span class='ocrx_word' id='word_1_106' title='bbox 1206 1178 1346 1241; x_wconf 77' lang='lat' dir='ltr'><strong>tortitudo</strong></span> <span class='ocrx_word' id='word_1_107' title='bbox 1379 1214 1382 1253; x_wconf 57' lang='lat' dir='ltr'><strong>p</strong></span> 
     </span>
    </p>

    <p class='ocr_par' dir='ltr' id='par_1_4' title="bbox 188 1265 1379 1785">
     <span class='ocr_line' id='line_1_12' title="bbox 188 1265 1345 1338; baseline 0.003 -15"><span class='ocrx_word' id='word_1_108' title='bbox 188 1276 216 1323; x_wconf 85' lang='lat' dir='ltr'><strong>aa</strong></span> <span class='ocrx_word' id='word_1_109' title='bbox 233 1266 426 1329; x_wconf 87' lang='lat' dir='ltr'><strong>barbarorum</strong></span> <span class='ocrx_word' id='word_1_110' title='bbox 457 1284 523 1327; x_wconf 88' lang='lat' dir='ltr'><strong>curn</strong></span> <span class='ocrx_word' id='word_1_111' title='bbox 554 1266 597 1327; x_wconf 91' lang='lat' dir='ltr'><strong>ira</strong></span> <span class='ocrx_word' id='word_1_112' title='bbox 626 1266 782 1327; x_wconf 88' lang='lat' dir='ltr'><strong>eoniuneta</strong></span> <span class='ocrx_word' id='word_1_113' title='bbox 811 1275 866 1327; x_wconf 85' lang='lat' dir='ltr'><strong>est.</strong></span> <span class='ocrx_word' id='word_1_114' title='bbox 916 1265 1043 1338; x_wconf 76' lang='lat' dir='ltr'><strong>Quidam</strong></span> <span class='ocrx_word' id='word_1_115' title='bbox 1070 1272 1171 1327; x_wconf 86' lang='lat' dir='ltr'><strong>autem</strong></span> <span class='ocrx_word' id='word_1_116' title='bbox 1199 1266 1290 1329; x_wconf 77' lang='lat' dir='ltr'><strong>etinn</strong></span> <span class='ocrx_word' id='word_1_117' title='bbox 1311 1267 1345 1327; x_wconf 93' lang='lat' dir='ltr'><strong>ob</strong></span> 
     </span>
     <span class='ocr_line' id='line_1_13' title="bbox 232 1352 1379 1435; baseline 0 -20"><span class='ocrx_word' id='word_1_118' title='bbox 232 1354 304 1415; x_wconf 82' lang='lat' dir='ltr'><strong>aliae</strong></span> <span class='ocrx_word' id='word_1_119' title='bbox 328 1355 494 1433; x_wconf 79' lang='lat' dir='ltr'><strong>voluptates</strong></span> <span class='ocrx_word' id='word_1_120' title='bbox 518 1352 648 1433; x_wconf 85' lang='lat' dir='ltr'><strong>pericula</strong></span> <span class='ocrx_word' id='word_1_121' title='bbox 670 1353 827 1415; x_wconf 72' lang='lat' dir='ltr'><strong>sustinent.</strong></span> <span class='ocrx_word' id='word_1_122' title='bbox 865 1354 938 1414; x_wconf 87' lang='lat' dir='ltr'><strong>Nam</strong></span> <span class='ocrx_word' id='word_1_123' title='bbox 961 1353 1004 1415; x_wconf 91' lang='lat' dir='ltr'><strong>ira</strong></span> <span class='ocrx_word' id='word_1_124' title='bbox 1027 1370 1148 1433; x_wconf 86' lang='lat' dir='ltr'><strong>quoque</strong></span> <span class='ocrx_word' id='word_1_125' title='bbox 1164 1352 1346 1435; x_wconf 79' lang='lat' dir='ltr'><strong>voluptatem</strong></span> <span class='ocrx_word' id='word_1_126' title='bbox 1376 1382 1379 1397; x_wconf 88' lang='grc'><strong><em>·</em></strong></span> 
     </span>
     <span class='ocr_line' id='line_1_14' title="bbox 233 1406 1378 1522; baseline 0 -19"><span class='ocrx_word' id='word_1_127' title='bbox 233 1442 380 1522; x_wconf 87' lang='lat' dir='ltr'><strong>quandam</strong></span> <span class='ocrx_word' id='word_1_128' title='bbox 395 1440 500 1503; x_wconf 88' lang='lat' dir='ltr'><strong>babet:</strong></span> <span class='ocrx_word' id='word_1_129' title='bbox 518 1450 561 1503; x_wconf 83' lang='lat' dir='ltr'><strong>eet</strong></span> <span class='ocrx_word' id='word_1_130' title='bbox 583 1440 662 1503; x_wconf 87' lang='lat' dir='ltr'><strong>enim</strong></span> <span class='ocrx_word' id='word_1_131' title='bbox 680 1441 837 1503; x_wconf 81' lang='lat' dir='ltr'><strong>coniuncta</strong></span> <span class='ocrx_word' id='word_1_132' title='bbox 856 1460 923 1503; x_wconf 88' lang='lat' dir='ltr'><strong>eura</strong></span> <span class='ocrx_word' id='word_1_133' title='bbox 938 1460 994 1522; x_wconf 82' lang='lat' dir='ltr'><strong>spe</strong></span> <span class='ocrx_word' id='word_1_134' title='bbox 1011 1440 1188 1503; x_wconf 82' lang='lat' dir='ltr'><strong>uleieoendi.</strong></span> <span class='ocrx_word' id='word_1_135' title='bbox 1226 1442 1347 1505; x_wconf 84' lang='lat' dir='ltr'><strong>Verum·</strong></span> <span class='ocrx_word' id='word_1_136' title='bbox 1374 1406 1378 1473; x_wconf 59' lang='grc' dir='ltr'>Ι</span> 
     </span>
     <span class='ocr_line' id='line_1_15' title="bbox 235 1504 1377 1619; baseline 0.001 -29"><span class='ocrx_word' id='word_1_137' title='bbox 235 1537 331 1590; x_wconf 88' lang='lat' dir='ltr'><strong>lamen</strong></span> <span class='ocrx_word' id='word_1_138' title='bbox 356 1548 454 1606; x_wconf 91' lang='lat' dir='ltr'><strong>neque</strong></span> <span class='ocrx_word' id='word_1_139' title='bbox 477 1530 501 1591; x_wconf 82' lang='lat' dir='ltr'><strong>si</strong></span> <span class='ocrx_word' id='word_1_140' title='bbox 524 1528 589 1609; x_wconf 74' lang='lat' dir='ltr'><strong>eperia</strong></span> <span class='ocrx_word' id='word_1_141' title='bbox 608 1528 647 1589; x_wconf 93' lang='lat' dir='ltr'><strong>ob</strong></span> <span class='ocrx_word' id='word_1_142' title='bbox 664 1530 741 1591; x_wconf 88' lang='lat' dir='ltr'><strong>bane</strong></span> <span class='ocrx_word' id='word_1_143' title='bbox 764 1530 944 1608; x_wconf 81' lang='lat' dir='ltr'><strong>roquitatem</strong></span> <span class='ocrx_word' id='word_1_144' title='bbox 967 1547 1065 1607; x_wconf 83' lang='lat' dir='ltr'><strong>noque</strong></span> <span class='ocrx_word' id='word_1_145' title='bbox 1083 1528 1109 1589; x_wconf 81' lang='lat' dir='ltr'><strong>ai</strong></span> <span class='ocrx_word' id='word_1_146' title='bbox 1127 1528 1168 1591; x_wconf 87' lang='lat' dir='ltr'><strong>ob</strong></span> <span class='ocrx_word' id='word_1_147' title='bbox 1189 1529 1281 1593; x_wconf 82' lang='lat' dir='ltr'><strong>aliern</strong></span> <span class='ocrx_word' id='word_1_148' title='bbox 1298 1550 1346 1591; x_wconf 87' lang='lat' dir='ltr'><strong>ro·</strong></span> <span class='ocrx_word' id='word_1_149' title='bbox 1371 1504 1377 1619; x_wconf 65' lang='grc' dir='ltr'>Ι</span> 
     </span>
     <span class='ocr_line' id='line_1_16' title="bbox 232 1616 1346 1699; baseline 0 -20"><span class='ocrx_word' id='word_1_150' title='bbox 232 1618 376 1697; x_wconf 88' lang='lat' dir='ltr'><strong>luptatem</strong></span> <span class='ocrx_word' id='word_1_151' title='bbox 407 1624 458 1677; x_wconf 90' lang='lat' dir='ltr'><strong>ant</strong></span> <span class='ocrx_word' id='word_1_152' title='bbox 482 1616 521 1679; x_wconf 91' lang='lat' dir='ltr'><strong>ob</strong></span> <span class='ocrx_word' id='word_1_153' title='bbox 549 1618 647 1693; x_wconf 76' lang='lat' dir='ltr'><strong>luqarn</strong></span> <span class='ocrx_word' id='word_1_154' title='bbox 677 1616 820 1677; x_wconf 89' lang='lat' dir='ltr'><strong>maiorum</strong></span> <span class='ocrx_word' id='word_1_155' title='bbox 852 1618 990 1678; x_wconf 91' lang='lat' dir='ltr'><strong>dolorum</strong></span> <span class='ocrx_word' id='word_1_156' title='bbox 1016 1624 1145 1679; x_wconf 89' lang='lat' dir='ltr'><strong>mortem</strong></span> <span class='ocrx_word' id='word_1_157' title='bbox 1174 1618 1294 1699; x_wconf 87' lang='lat' dir='ltr'><strong>appetit</strong></span> <span class='ocrx_word' id='word_1_158' title='bbox 1320 1628 1346 1679; x_wconf 90' lang='lat' dir='ltr'><strong>et</strong></span> 
     </span>
     <span class='ocr_line' id='line_1_17' title="bbox 232 1704 1345 1785; baseline 0 -18"><span class='ocrx_word' id='word_1_159' title='bbox 232 1704 349 1785; x_wconf 83' lang='lat' dir='ltr'><strong>exeipit,</strong></span> <span class='ocrx_word' id='word_1_160' title='bbox 370 1724 459 1766; x_wconf 77' lang='lat' dir='ltr'><strong>eremo</strong></span> <span class='ocrx_word' id='word_1_161' title='bbox 480 1706 586 1767; x_wconf 89' lang='lat' dir='ltr'><strong>bonnn</strong></span> <span class='ocrx_word' id='word_1_162' title='bbox 606 1704 670 1765; x_wconf 92' lang='lat' dir='ltr'><strong>iure</strong></span> <span class='ocrx_word' id='word_1_163' title='bbox 690 1704 804 1765; x_wconf 89' lang='lat' dir='ltr'><strong>dicatur</strong></span> <span class='ocrx_word' id='word_1_164' title='bbox 825 1706 920 1765; x_wconf 80' lang='lat' dir='ltr'><strong>fortis.</strong></span> <span class='ocrx_word' id='word_1_165' title='bbox 956 1704 1030 1765; x_wconf 86' lang='lat' dir='ltr'><strong>Nam</strong></span> <span class='ocrx_word' id='word_1_166' title='bbox 1048 1704 1073 1765; x_wconf 83' lang='lat' dir='ltr'><strong>ei</strong></span> <span class='ocrx_word' id='word_1_167' title='bbox 1089 1704 1169 1765; x_wconf 86' lang='lat' dir='ltr'><strong>mori</strong></span> <span class='ocrx_word' id='word_1_168' title='bbox 1185 1704 1345 1769; x_wconf 82' lang='lat' dir='ltr'><strong>iuermdum</strong></span> 
     </span>
    </p>

    <p class='ocr_par' dir='ltr' id='par_1_5' title="bbox 186 1792 1374 2311">
     <span class='ocr_line' id='line_1_18' title="bbox 186 1792 1373 1873; baseline 0.009 -25"><span class='ocrx_word' id='word_1_169' title='bbox 186 1804 215 1848; x_wconf 80' lang='lat' dir='ltr'><strong>aa</strong></span> <span class='ocrx_word' id='word_1_170' title='bbox 232 1800 320 1865; x_wconf 80' lang='lat' dir='ltr'><strong>eeeet,</strong></span> <span class='ocrx_word' id='word_1_171' title='bbox 339 1810 429 1872; x_wconf 86' lang='lat' dir='ltr'><strong>saepe</strong></span> <span class='ocrx_word' id='word_1_172' title='bbox 448 1792 681 1872; x_wconf 75' lang='lat' dir='ltr'><strong>intemperantes</strong></span> <span class='ocrx_word' id='word_1_173' title='bbox 699 1792 737 1853; x_wconf 94' lang='lat' dir='ltr'><strong>ob</strong></span> <span class='ocrx_word' id='word_1_174' title='bbox 755 1792 999 1855; x_wconf 88' lang='lat' dir='ltr'><strong>ineantinentiam</strong></span> <span class='ocrx_word' id='word_1_175' title='bbox 1019 1800 1226 1867; x_wconf 87' lang='lat' dir='ltr'><strong>morerentur,</strong></span> <span class='ocrx_word' id='word_1_176' title='bbox 1246 1812 1344 1873; x_wconf 83' lang='lat' dir='ltr'><strong>quem</strong></span> <span class='ocrx_word' id='word_1_177' title='bbox 1368 1798 1373 1859; x_wconf 91' lang='lat' dir='ltr'><strong>l</strong></span> 
     </span>
     <span class='ocr_line' id='line_1_19' title="bbox 231 1878 1374 1961; baseline 0 -20"><span class='ocrx_word' id='word_1_178' title='bbox 231 1880 391 1941; x_wconf 89' lang='lat' dir='ltr'><strong>admodum</strong></span> <span class='ocrx_word' id='word_1_179' title='bbox 415 1878 501 1941; x_wconf 72' lang='lat' dir='ltr'><strong>retiam</strong></span> <span class='ocrx_word' id='word_1_180' title='bbox 521 1898 611 1953; x_wconf 84' lang='lat' dir='ltr'><strong>nune,</strong></span> <span class='ocrx_word' id='word_1_181' title='bbox 634 1899 725 1959; x_wconf 77' lang='lat' dir='ltr'><strong>equium</strong></span> <span class='ocrx_word' id='word_1_182' title='bbox 743 1880 818 1941; x_wconf 87' lang='lat' dir='ltr'><strong>mori</strong></span> <span class='ocrx_word' id='word_1_183' title='bbox 839 1881 937 1961; x_wconf 84' lang='lat' dir='ltr'><strong>ipsum</strong></span> <span class='ocrx_word' id='word_1_184' title='bbox 958 1898 1019 1941; x_wconf 93' lang='lat' dir='ltr'><strong>non</strong></span> <span class='ocrx_word' id='word_1_185' title='bbox 1037 1879 1082 1941; x_wconf 84' lang='lat' dir='ltr'><strong>¹eit</strong></span> <span class='ocrx_word' id='word_1_186' title='bbox 1097 1879 1275 1955; x_wconf 81' lang='lat' dir='ltr'><strong>iucundum,</strong></span> <span class='ocrx_word' id='word_1_187' title='bbox 1296 1882 1343 1943; x_wconf 86' lang='lat' dir='ltr'><strong>sed</strong></span> <span class='ocrx_word' id='word_1_188' title='bbox 1370 1920 1374 1941; x_wconf 63' lang='lat'>1</span> 
     </span>
     <span class='ocr_line' id='line_1_20' title="bbox 233 1967 1344 2047; baseline 0 -18"><span class='ocrx_word' id='word_1_189' title='bbox 233 1988 266 2031; x_wconf 88' lang='lat' dir='ltr'><strong>ea</strong></span> <span class='ocrx_word' id='word_1_190' title='bbox 278 1967 406 2031; x_wconf 87' lang='lat' dir='ltr'><strong>iucunda</strong></span> <span class='ocrx_word' id='word_1_191' title='bbox 424 1967 494 2039; x_wconf 83' lang='lat' dir='ltr'><strong>sint,</strong></span> <span class='ocrx_word' id='word_1_192' title='bbox 514 1986 588 2047; x_wconf 88' lang='lat' dir='ltr'><strong>qaae</strong></span> <span class='ocrx_word' id='word_1_193' title='bbox 602 1975 729 2029; x_wconf 88' lang='lat' dir='ltr'><strong>mortem</strong></span> <span class='ocrx_word' id='word_1_194' title='bbox 746 1968 884 2029; x_wconf 83' lang='lat' dir='ltr'><strong>ouantem</strong></span> <span class='ocrx_word' id='word_1_195' title='bbox 902 1969 1013 2029; x_wconf 84' lang='lat' dir='ltr'><strong>liabent</strong></span> <span class='ocrx_word' id='word_1_196' title='bbox 1028 1973 1059 2029; x_wconf 91' lang='lat' dir='ltr'><strong>et</strong></span> <span class='ocrx_word' id='word_1_197' title='bbox 1073 1968 1247 2043; x_wconf 75' lang='lat' dir='ltr'><strong>conciliem,</strong></span> <span class='ocrx_word' id='word_1_198' title='bbox 1266 1969 1344 2031; x_wconf 84' lang='lat' dir='ltr'><strong>multi</strong></span> 
     </span>
     <span class='ocr_line' id='line_1_21' title="bbox 231 2055 1342 2135; baseline 0 -18"><span class='ocrx_word' id='word_1_199' title='bbox 231 2057 268 2118; x_wconf 94' lang='lat' dir='ltr'><strong>ob</strong></span> <span class='ocrx_word' id='word_1_200' title='bbox 288 2055 531 2119; x_wconf 79' lang='lat' dir='ltr'><strong>incontinentiam</strong></span> <span class='ocrx_word' id='word_1_201' title='bbox 550 2056 679 2117; x_wconf 80' lang='lat' dir='ltr'><strong>seientes</strong></span> <span class='ocrx_word' id='word_1_202' title='bbox 701 2055 732 2117; x_wconf 92' lang='lat' dir='ltr'><strong>in</strong></span> <span class='ocrx_word' id='word_1_203' title='bbox 754 2064 883 2117; x_wconf 87' lang='lat' dir='ltr'><strong>mortem</strong></span> <span class='ocrx_word' id='word_1_204' title='bbox 904 2057 1078 2118; x_wconf 86' lang='lat' dir='ltr'><strong>ineurnrnt:</strong></span> <span class='ocrx_word' id='word_1_205' title='bbox 1100 2074 1233 2135; x_wconf 83' lang='lat' dir='ltr'><strong>qnorum</strong></span> <span class='ocrx_word' id='word_1_206' title='bbox 1251 2066 1342 2119; x_wconf 70' lang='lat' dir='ltr'><strong>nmen</strong></span> 
     </span>
     <span class='ocr_line' id='line_1_22' title="bbox 230 2142 1343 2225; baseline -0.002 -18"><span class='ocrx_word' id='word_1_207' title='bbox 230 2163 321 2207; x_wconf 84' lang='lat' dir='ltr'><strong>nemo</strong></span> <span class='ocrx_word' id='word_1_208' title='bbox 342 2143 427 2206; x_wconf 84' lang='lat' dir='ltr'><strong>tortis</strong></span> <span class='ocrx_word' id='word_1_209' title='bbox 450 2163 517 2207; x_wconf 84' lang='lat' dir='ltr'><strong>esse</strong></span> <span class='ocrx_word' id='word_1_210' title='bbox 535 2144 685 2215; x_wconf 84' lang='lat' dir='ltr'><strong>rideatur,</strong></span> <span class='ocrx_word' id='word_1_211' title='bbox 717 2142 830 2205; x_wconf 86' lang='lat' dir='ltr'><strong>etiamsi</strong></span> <span class='ocrx_word' id='word_1_212' title='bbox 857 2144 930 2206; x_wconf 84' lang='lat' dir='ltr'><strong>satis</strong></span> <span class='ocrx_word' id='word_1_213' title='bbox 948 2152 1089 2225; x_wconf 89' lang='lat' dir='ltr'><strong>prompte</strong></span> <span class='ocrx_word' id='word_1_214' title='bbox 1106 2143 1187 2209; x_wconf 89' lang='lat' dir='ltr'><strong>mori</strong></span> <span class='ocrx_word' id='word_1_215' title='bbox 1204 2144 1343 2207; x_wconf 84' lang='lat' dir='ltr'><strong>rideatur.</strong></span> 
     </span>
     <span class='ocr_line' id='line_1_23' title="bbox 228 2230 1344 2311; baseline 0 -18"><span class='ocrx_word' id='word_1_216' title='bbox 228 2232 330 2311; x_wconf 77' lang='lat' dir='ltr'><strong>Neque</strong></span> <span class='ocrx_word' id='word_1_217' title='bbox 351 2250 421 2293; x_wconf 88' lang='lat' dir='ltr'><strong>vero</strong></span> <span class='ocrx_word' id='word_1_218' title='bbox 443 2251 557 2304; x_wconf 91' lang='lat' dir='ltr'><strong>eorum,</strong></span> <span class='ocrx_word' id='word_1_219' title='bbox 580 2232 630 2311; x_wconf 94' lang='lat' dir='ltr'><strong>qui</strong></span> <span class='ocrx_word' id='word_1_220' title='bbox 652 2232 689 2293; x_wconf 94' lang='lat' dir='ltr'><strong>ob</strong></span> <span class='ocrx_word' id='word_1_221' title='bbox 712 2231 823 2293; x_wconf 91' lang='lat' dir='ltr'><strong>laboris</strong></span> <span class='ocrx_word' id='word_1_222' title='bbox 844 2234 955 2311; x_wconf 74' lang='lat' dir='ltr'><strong>lugam,</strong></span> <span class='ocrx_word' id='word_1_223' title='bbox 984 2239 1018 2294; x_wconf 91' lang='lat' dir='ltr'><strong>ut</strong></span> <span class='ocrx_word' id='word_1_224' title='bbox 1033 2230 1120 2293; x_wconf 92' lang='lat' dir='ltr'><strong>multi</strong></span> <span class='ocrx_word' id='word_1_225' title='bbox 1142 2230 1267 2307; x_wconf 80' lang='lat' dir='ltr'><strong>laeinnl,</strong></span> <span class='ocrx_word' id='word_1_226' title='bbox 1290 2242 1344 2293; x_wconf 83' lang='lat' dir='ltr'><strong>ter·</strong></span> 
     </span>
    </p>

    <p class='ocr_par' dir='ltr' id='par_1_6' title="bbox 145 2318 1343 2469">
     <span class='ocr_line' id='line_1_24' title="bbox 145 2318 1343 2401; baseline 0 -20"><span class='ocrx_word' id='word_1_227' title='bbox 145 2320 326 2383; x_wconf 67' lang='lat' dir='ltr'><strong>tana-riade</strong></span> <span class='ocrx_word' id='word_1_228' title='bbox 349 2319 491 2393; x_wconf 81' lang='lat' dir='ltr'><strong>sustinet,</strong></span> <span class='ocrx_word' id='word_1_229' title='bbox 519 2320 671 2401; x_wconf 76' lang='lat' dir='ltr'><strong>(quisquam</strong></span> <span class='ocrx_word' id='word_1_230' title='bbox 699 2318 783 2381; x_wconf 84' lang='lat' dir='ltr'><strong>tortis</strong></span> <span class='ocrx_word' id='word_1_231' title='bbox 807 2328 867 2381; x_wconf 83' lang='lat' dir='ltr'><strong>est:</strong></span> <span class='ocrx_word' id='word_1_232' title='bbox 892 2320 1143 2399; x_wconf 86' lang='lat' dir='ltr'><strong>quemadmodum</strong></span> <span class='ocrx_word' id='word_1_233' title='bbox 1162 2320 1254 2385; x_wconf 85' lang='lat' dir='ltr'><strong>etiam</strong></span> <span class='ocrx_word' id='word_1_234' title='bbox 1275 2320 1343 2401; x_wconf 81' lang='lat' dir='ltr'><strong>dge-</strong></span> 
     </span>
     <span class='ocr_line' id='line_1_25' title="bbox 230 2407 412 2469; baseline -0.011 0"><span class='ocrx_word' id='word_1_235' title='bbox 230 2409 302 2469; x_wconf 91' lang='lat' dir='ltr'><strong>tbon</strong></span> <span class='ocrx_word' id='word_1_236' title='bbox 326 2407 412 2469; x_wconf 88' lang='lat' dir='ltr'><strong>dioit:</strong></span> 
     </span>
    </p>
   </div>
   <div class='ocr_carea' id='block_1_3' title="bbox 384 2512 1093 2681">
    <p class='ocr_par' dir='ltr' id='par_1_7' title="bbox 384 2512 1093 2681">
     <span class='ocr_line' id='line_1_26' title="bbox 384 2512 1093 2595; baseline -0.013 -19"><span class='ocrx_word' id='word_1_237' title='bbox 384 2512 508 2585; x_wconf 80' lang='lat' dir='ltr'><strong>„Qnma</strong></span> <span class='ocrx_word' id='word_1_238' title='bbox 524 2532 556 2575; x_wconf 79' lang='lat' dir='ltr'><strong>re</strong></span> <span class='ocrx_word' id='word_1_239' title='bbox 578 2512 693 2573; x_wconf 74' lang='lat' dir='ltr'><strong>laborer</strong></span> <span class='ocrx_word' id='word_1_240' title='bbox 711 2516 795 2594; x_wconf 76' lang='lat' dir='ltr'><strong>{erre</strong></span> <span class='ocrx_word' id='word_1_241' title='bbox 814 2532 901 2593; x_wconf 74' lang='lat' dir='ltr'><strong>poree</strong></span> <span class='ocrx_word' id='word_1_242' title='bbox 918 2533 980 2577; x_wconf 79' lang='lat' dir='ltr'><strong>noer</strong></span> <span class='ocrx_word' id='word_1_243' title='bbox 996 2524 1093 2595; x_wconf 75' lang='lat' dir='ltr'><strong>patae,</strong></span> 
     </span>
     <span class='ocr_line' id='line_1_27' title="bbox 384 2600 997 2681; baseline -0.013 -12"><span class='ocrx_word' id='word_1_244' title='bbox 384 2600 520 2681; x_wconf 72' lang='lat' dir='ltr'><strong>„laneae</strong></span> <span class='ocrx_word' id='word_1_245' title='bbox 535 2612 659 2662; x_wconf 85' lang='lat' dir='ltr'><strong>mortem</strong></span> <span class='ocrx_word' id='word_1_246' title='bbox 677 2606 853 2681; x_wconf 80' lang='lat' dir='ltr'><strong>eoereape&#39;aeit</strong></span> <span class='ocrx_word' id='word_1_247' title='bbox 875 2606 997 2665; x_wconf 81' lang='lat' dir='ltr'><strong>netr‘o.·“</strong></span> 
     </span>
    </p>
   </div>
   <div class='ocr_carea' id='block_1_4' title="bbox 184 2704 1374 3557">
    <p class='ocr_par' dir='ltr' id='par_1_8' title="bbox 231 2704 1342 2875">
     <span class='ocr_line' id='line_1_28' title="bbox 231 2704 1342 2787; baseline 0.003 -22"><span class='ocrx_word' id='word_1_248' title='bbox 231 2712 261 2765; x_wconf 87' lang='lat' dir='ltr'><strong>et</strong></span> <span class='ocrx_word' id='word_1_249' title='bbox 282 2706 529 2787; x_wconf 90' lang='lat' dir='ltr'><strong>quemadmodum</strong></span> <span class='ocrx_word' id='word_1_250' title='bbox 550 2704 708 2767; x_wconf 80' lang='lat' dir='ltr'><strong>Chironem</strong></span> <span class='ocrx_word' id='word_1_251' title='bbox 727 2714 833 2785; x_wconf 87' lang='lat' dir='ltr'><strong>poetae</strong></span> <span class='ocrx_word' id='word_1_252' title='bbox 852 2714 975 2768; x_wconf 82' lang='lat' dir='ltr'><strong>narrant</strong></span> <span class='ocrx_word' id='word_1_253' title='bbox 997 2706 1035 2767; x_wconf 95' lang='lat' dir='ltr'><strong>ob</strong></span> <span class='ocrx_word' id='word_1_254' title='bbox 1055 2705 1189 2768; x_wconf 80' lang='lat' dir='ltr'><strong>uulneris</strong></span> <span class='ocrx_word' id='word_1_255' title='bbox 1214 2706 1342 2769; x_wconf 87' lang='lat' dir='ltr'><strong>dolorem</strong></span> 
     </span>
     <span class='ocr_line' id='line_1_29' title="bbox 232 2792 1342 2875; baseline 0.003 -22"><span class='ocrx_word' id='word_1_256' title='bbox 232 2794 307 2853; x_wconf 91' lang='lat' dir='ltr'><strong>mori</strong></span> <span class='ocrx_word' id='word_1_257' title='bbox 326 2792 540 2875; x_wconf 83' lang='lat' dir='ltr'><strong>concarpivisse,</strong></span> <span class='ocrx_word' id='word_1_258' title='bbox 561 2812 651 2873; x_wconf 91' lang='lat' dir='ltr'><strong>quum</strong></span> <span class='ocrx_word' id='word_1_259' title='bbox 674 2802 753 2853; x_wconf 85' lang='lat' dir='ltr'><strong>osset</strong></span> <span class='ocrx_word' id='word_1_260' title='bbox 770 2793 954 2857; x_wconf 80' lang='lat' dir='ltr'><strong>immortalia.</strong></span> <span class='ocrx_word' id='word_1_261' title='bbox 989 2794 1092 2871; x_wconf 85' lang='lat' dir='ltr'><strong>Neque</strong></span> <span class='ocrx_word' id='word_1_262' title='bbox 1111 2792 1199 2855; x_wconf 87' lang='lat' dir='ltr'><strong>aliter</strong></span> <span class='ocrx_word' id='word_1_263' title='bbox 1215 2802 1342 2857; x_wconf 76' lang='lat' dir='ltr'><strong>statuen-</strong></span> 
     </span>
    </p>

    <p class='ocr_par' dir='ltr' id='par_1_9' title="bbox 197 2880 1342 3311">
     <span class='ocr_line' id='line_1_30' title="bbox 197 2880 1342 2964; baseline 0.003 -23"><span class='ocrx_word' id='word_1_264' title='bbox 197 2881 301 2943; x_wconf 76' lang='lat' dir='ltr'><strong>adum</strong></span> <span class='ocrx_word' id='word_1_265' title='bbox 326 2882 362 2943; x_wconf 90' lang='lat' dir='ltr'><strong>do</strong></span> <span class='ocrx_word' id='word_1_266' title='bbox 382 2882 433 2953; x_wconf 86' lang='lat' dir='ltr'><strong>iis,</strong></span> <span class='ocrx_word' id='word_1_267' title='bbox 458 2881 505 2960; x_wconf 92' lang='lat' dir='ltr'><strong>qui</strong></span> <span class='ocrx_word' id='word_1_268' title='bbox 527 2882 565 2943; x_wconf 92' lang='lat' dir='ltr'><strong>ob</strong></span> <span class='ocrx_word' id='word_1_269' title='bbox 590 2881 801 2960; x_wconf 80' lang='lat' dir='ltr'><strong>experientiam</strong></span> <span class='ocrx_word' id='word_1_270' title='bbox 826 2882 956 2961; x_wconf 85' lang='lat' dir='ltr'><strong>pericula</strong></span> <span class='ocrx_word' id='word_1_271' title='bbox 980 2880 1145 2954; x_wconf 83' lang='lat' dir='ltr'><strong>sustinent,</strong></span> <span class='ocrx_word' id='word_1_272' title='bbox 1176 2900 1238 2962; x_wconf 91' lang='lat' dir='ltr'><strong>quo</strong></span> <span class='ocrx_word' id='word_1_273' title='bbox 1262 2892 1342 2964; x_wconf 88' lang='lat' dir='ltr'><strong>paeto</strong></span> 
     </span>
     <span class='ocr_line' id='line_1_31' title="bbox 231 2967 1342 3049; baseline 0 -20"><span class='ocrx_word' id='word_1_274' title='bbox 231 2987 264 3029; x_wconf 91' lang='lat' dir='ltr'><strong>ea</strong></span> <span class='ocrx_word' id='word_1_275' title='bbox 285 2970 419 3049; x_wconf 82' lang='lat' dir='ltr'><strong>plerique</strong></span> <span class='ocrx_word' id='word_1_276' title='bbox 442 2967 577 3029; x_wconf 86' lang='lat' dir='ltr'><strong>homines</strong></span> <span class='ocrx_word' id='word_1_277' title='bbox 600 2968 741 3029; x_wconf 84' lang='lat' dir='ltr'><strong>militares</strong></span> <span class='ocrx_word' id='word_1_278' title='bbox 764 2970 920 3031; x_wconf 81' lang='lat' dir='ltr'><strong>sarstinenl.</strong></span> <span class='ocrx_word' id='word_1_279' title='bbox 968 2970 1076 3029; x_wconf 84' lang='lat' dir='ltr'><strong>Contra</strong></span> <span class='ocrx_word' id='word_1_280' title='bbox 1100 2968 1181 3029; x_wconf 93' lang='lat' dir='ltr'><strong>enim</strong></span> <span class='ocrx_word' id='word_1_281' title='bbox 1205 2972 1342 3032; x_wconf 82' lang='lat' dir='ltr'><strong>sehabet</strong></span> 
     </span>
     <span class='ocr_line' id='line_1_32' title="bbox 228 3055 1340 3139; baseline 0.001 -23"><span class='ocrx_word' id='word_1_282' title='bbox 228 3076 275 3117; x_wconf 81' lang='lat' dir='ltr'><strong>res</strong></span> <span class='ocrx_word' id='word_1_283' title='bbox 298 3067 385 3139; x_wconf 89' lang='lat' dir='ltr'><strong>atque</strong></span> <span class='ocrx_word' id='word_1_284' title='bbox 406 3057 605 3119; x_wconf 84' lang='lat' dir='ltr'><strong>arbitrabatur</strong></span> <span class='ocrx_word' id='word_1_285' title='bbox 623 3056 777 3129; x_wconf 76' lang='lat' dir='ltr'><strong>Socrates,</strong></span> <span class='ocrx_word' id='word_1_286' title='bbox 808 3057 857 3137; x_wconf 72' lang='lat' dir='ltr'><strong>aqui</strong></span> <span class='ocrx_word' id='word_1_287' title='bbox 877 3056 1080 3119; x_wconf 84' lang='lat' dir='ltr'><strong>tortitudinem</strong></span> <span class='ocrx_word' id='word_1_288' title='bbox 1101 3055 1260 3119; x_wconf 77' lang='lat' dir='ltr'><strong>seientiam</strong></span> <span class='ocrx_word' id='word_1_289' title='bbox 1281 3078 1340 3119; x_wconf 82' lang='lat' dir='ltr'><strong>esse</strong></span> 
     </span>
     <span class='ocr_line' id='line_1_33' title="bbox 229 3144 1340 3225; baseline 0.008 -22"><span class='ocrx_word' id='word_1_290' title='bbox 229 3144 421 3206; x_wconf 82' lang='lat' dir='ltr'><strong>existimabat.</strong></span> <span class='ocrx_word' id='word_1_291' title='bbox 464 3146 566 3225; x_wconf 76' lang='lat' dir='ltr'><strong>Neque</strong></span> <span class='ocrx_word' id='word_1_292' title='bbox 598 3145 675 3205; x_wconf 86' lang='lat' dir='ltr'><strong>enirn</strong></span> <span class='ocrx_word' id='word_1_293' title='bbox 707 3153 882 3224; x_wconf 75' lang='lat' dir='ltr'><strong>peripterea,</strong></span> <span class='ocrx_word' id='word_1_294' title='bbox 914 3144 994 3225; x_wconf 87' lang='lat' dir='ltr'><strong>quod</strong></span> <span class='ocrx_word' id='word_1_295' title='bbox 1016 3150 1166 3205; x_wconf 88' lang='lat' dir='ltr'><strong>noverunt</strong></span> <span class='ocrx_word' id='word_1_296' title='bbox 1193 3146 1340 3212; x_wconf 72' lang='lat' dir='ltr'><strong>terribilia,</strong></span> 
     </span>
     <span class='ocr_line' id='line_1_34' title="bbox 227 3230 1341 3311; baseline 0.003 -22"><span class='ocrx_word' id='word_1_297' title='bbox 227 3232 337 3291; x_wconf 87' lang='lat' dir='ltr'><strong>audent</strong></span> <span class='ocrx_word' id='word_1_298' title='bbox 363 3232 399 3303; x_wconf 88' lang='lat' dir='ltr'><strong>ii,</strong></span> <span class='ocrx_word' id='word_1_299' title='bbox 429 3233 477 3311; x_wconf 91' lang='lat' dir='ltr'><strong>qni</strong></span> <span class='ocrx_word' id='word_1_300' title='bbox 501 3232 594 3292; x_wconf 79' lang='lat' dir='ltr'><strong>nnrloe</strong></span> <span class='ocrx_word' id='word_1_301' title='bbox 624 3232 769 3293; x_wconf 84' lang='lat' dir='ltr'><strong>scandere</strong></span> <span class='ocrx_word' id='word_1_302' title='bbox 799 3232 912 3304; x_wconf 81' lang='lat' dir='ltr'><strong>seinnt,</strong></span> <span class='ocrx_word' id='word_1_303' title='bbox 943 3232 997 3293; x_wconf 82' lang='lat' dir='ltr'><strong>sed</strong></span> <span class='ocrx_word' id='word_1_304' title='bbox 1028 3230 1096 3309; x_wconf 89' lang='lat' dir='ltr'><strong>quia</strong></span> <span class='ocrx_word' id='word_1_305' title='bbox 1119 3230 1228 3293; x_wconf 81' lang='lat' dir='ltr'><strong>auxilia</strong></span> <span class='ocrx_word' id='word_1_306' title='bbox 1251 3234 1341 3295; x_wconf 81' lang='lat' dir='ltr'><strong>seirent</strong></span> 
     </span>
    </p>

    <p class='ocr_par' dir='ltr' id='par_1_10' title="bbox 184 3318 1374 3557">
     <span class='ocr_line' id='line_1_35' title="bbox 184 3318 1372 3400; baseline 0.012 -27"><span class='ocrx_word' id='word_1_307' title='bbox 184 3330 210 3373; x_wconf 89' lang='lat' dir='ltr'><strong>ro</strong></span> <span class='ocrx_word' id='word_1_308' title='bbox 228 3320 419 3381; x_wconf 87' lang='lat' dir='ltr'><strong>terribilium:</strong></span> <span class='ocrx_word' id='word_1_309' title='bbox 451 3339 549 3398; x_wconf 77' lang='lat' dir='ltr'><strong>nequae</strong></span> <span class='ocrx_word' id='word_1_310' title='bbox 572 3320 618 3391; x_wconf 90' lang='lat' dir='ltr'><strong>id,</strong></span> <span class='ocrx_word' id='word_1_311' title='bbox 650 3320 688 3379; x_wconf 87' lang='lat' dir='ltr'><strong>ab</strong></span> <span class='ocrx_word' id='word_1_312' title='bbox 708 3320 787 3400; x_wconf 82' lang='lat' dir='ltr'><strong>qnml</strong></span> <span class='ocrx_word' id='word_1_313' title='bbox 810 3320 950 3381; x_wconf 84' lang='lat' dir='ltr'><strong>audacius</strong></span> <span class='ocrx_word' id='word_1_314' title='bbox 971 3324 1102 3391; x_wconf 89' lang='lat' dir='ltr'><strong>certant,</strong></span> <span class='ocrx_word' id='word_1_315' title='bbox 1127 3318 1275 3383; x_wconf 80' lang='lat' dir='ltr'><strong>tortitudo</strong></span> <span class='ocrx_word' id='word_1_316' title='bbox 1294 3328 1340 3383; x_wconf 85' lang='lat' dir='ltr'><strong>eet</strong></span> <span class='ocrx_word' id='word_1_317' title='bbox 1369 3380 1372 3387; x_wconf 94' lang='lat'><em>.</em></span> 
     </span>
     <span class='ocr_line' id='line_1_36' title="bbox 228 3406 1374 3486; baseline 0.003 -20"><span class='ocrx_word' id='word_1_318' title='bbox 228 3407 269 3467; x_wconf 88' lang='lat' dir='ltr'><strong>lta</strong></span> <span class='ocrx_word' id='word_1_319' title='bbox 292 3406 371 3467; x_wconf 88' lang='lat' dir='ltr'><strong>enirn</strong></span> <span class='ocrx_word' id='word_1_320' title='bbox 397 3416 427 3467; x_wconf 91' lang='lat' dir='ltr'><strong>et</strong></span> <span class='ocrx_word' id='word_1_321' title='bbox 447 3407 524 3467; x_wconf 82' lang='lat' dir='ltr'><strong>vires</strong></span> <span class='ocrx_word' id='word_1_322' title='bbox 551 3416 579 3467; x_wconf 85' lang='lat' dir='ltr'><strong>ol.</strong></span> <span class='ocrx_word' id='word_1_323' title='bbox 611 3408 727 3467; x_wconf 75' lang='lat' dir='ltr'><strong>divitiae</strong></span> <span class='ocrx_word' id='word_1_324' title='bbox 749 3409 913 3469; x_wconf 82' lang='lat' dir='ltr'><strong>serrandum</strong></span> <span class='ocrx_word' id='word_1_325' title='bbox 938 3406 1144 3486; x_wconf 78' lang='lat' dir='ltr'><strong>Theognidern</strong></span> <span class='ocrx_word' id='word_1_326' title='bbox 1164 3406 1341 3472; x_wconf 79' lang='lat' dir='ltr'><strong>tortitudinis</strong></span> <span class='ocrx_word' id='word_1_327' title='bbox 1371 3438 1374 3447; x_wconf 94' lang='lat'>·</span> 
     </span>
     <span class='ocr_line' id='line_1_37' title="bbox 228 3494 641 3557; baseline 0.002 -4"><span class='ocrx_word' id='word_1_328' title='bbox 228 3512 332 3555; x_wconf 78' lang='lat' dir='ltr'><strong>euersae</strong></span> <span class='ocrx_word' id='word_1_329' title='bbox 351 3494 505 3556; x_wconf 87' lang='lat' dir='ltr'><strong>habendae</strong></span> <span class='ocrx_word' id='word_1_330' title='bbox 526 3504 641 3557; x_wconf 81' lang='lat' dir='ltr'><strong>essent:</strong></span> 
     </span>
    </p>
   </div>
   <div class='ocr_carea' id='block_1_5' title="bbox 416 3600 1126 3683">
    <p class='ocr_par' dir='ltr' id='par_1_11' title="bbox 416 3600 1126 3683">
     <span class='ocr_line' id='line_1_38' title="bbox 416 3600 1126 3683; baseline 0.001 -23"><span class='ocrx_word' id='word_1_331' title='bbox 416 3620 509 3671; x_wconf 86' lang='lat' dir='ltr'><strong>„nom</strong></span> <span class='ocrx_word' id='word_1_332' title='bbox 531 3620 730 3683; x_wconf 87' lang='lat' dir='ltr'><strong>qaemonnqne</strong></span> <span class='ocrx_word' id='word_1_333' title='bbox 748 3600 845 3661; x_wconf 82' lang='lat' dir='ltr'><strong>demat</strong></span> <span class='ocrx_word' id='word_1_334' title='bbox 865 3610 1027 3681; x_wconf 77' lang='lat' dir='ltr'><strong>paupertas</strong></span> <span class='ocrx_word' id='word_1_335' title='bbox 1047 3604 1126 3659; x_wconf 87' lang='grc'><strong>-.“</strong></span> 
     </span>
    </p>
   </div>
   <div class='ocr_carea' id='block_1_6' title="bbox 185 3720 1378 4818">
    <p class='ocr_par' dir='ltr' id='par_1_12' title="bbox 185 3720 1378 4818">
     <span class='ocr_line' id='line_1_39' title="bbox 226 3720 1373 3817; baseline 0.003 -36"><span class='ocrx_word' id='word_1_336' title='bbox 226 3720 384 3783; x_wconf 85' lang='lat' dir='ltr'><strong>Praeterea</strong></span> <span class='ocrx_word' id='word_1_337' title='bbox 406 3723 552 3794; x_wconf 90' lang='lat' dir='ltr'><strong>nonnulli,</strong></span> <span class='ocrx_word' id='word_1_338' title='bbox 573 3724 622 3802; x_wconf 91' lang='lat' dir='ltr'><strong>qui</strong></span> <span class='ocrx_word' id='word_1_339' title='bbox 644 3731 747 3803; x_wconf 89' lang='lat' dir='ltr'><strong>aperte</strong></span> <span class='ocrx_word' id='word_1_340' title='bbox 767 3722 861 3785; x_wconf 88' lang='lat' dir='ltr'><strong>timidi</strong></span> <span class='ocrx_word' id='word_1_341' title='bbox 878 3730 958 3795; x_wconf 83' lang='lat' dir='ltr'><strong>sunt,</strong></span> <span class='ocrx_word' id='word_1_342' title='bbox 977 3730 1077 3785; x_wconf 89' lang='lat' dir='ltr'><strong>tamen</strong></span> <span class='ocrx_word' id='word_1_343' title='bbox 1099 3722 1236 3803; x_wconf 78' lang='lat' dir='ltr'><strong>pericula</strong></span> <span class='ocrx_word' id='word_1_344' title='bbox 1258 3724 1342 3786; x_wconf 86' lang='lat' dir='ltr'><strong>susti-</strong></span> <span class='ocrx_word' id='word_1_345' title='bbox 1370 3768 1373 3817; x_wconf 69' lang='grc' dir='ltr'>Ι</span> 
     </span>
     <span class='ocr_line' id='line_1_40' title="bbox 227 3810 1342 3890; baseline 0.001 -19"><span class='ocrx_word' id='word_1_346' title='bbox 227 3816 300 3871; x_wconf 83' lang='lat' dir='ltr'><strong>nent</strong></span> <span class='ocrx_word' id='word_1_347' title='bbox 319 3810 356 3871; x_wconf 92' lang='lat' dir='ltr'><strong>ob</strong></span> <span class='ocrx_word' id='word_1_348' title='bbox 388 3811 618 3890; x_wconf 84' lang='lat' dir='ltr'><strong>experientiam:</strong></span> <span class='ocrx_word' id='word_1_349' title='bbox 650 3811 680 3871; x_wconf 93' lang='lat' dir='ltr'><strong>id</strong></span> <span class='ocrx_word' id='word_1_350' title='bbox 706 3819 805 3873; x_wconf 87' lang='lat' dir='ltr'><strong>autern</strong></span> <span class='ocrx_word' id='word_1_351' title='bbox 832 3810 961 3883; x_wconf 81' lang='lat' dir='ltr'><strong>iaciunt,</strong></span> <span class='ocrx_word' id='word_1_352' title='bbox 989 3810 1056 3889; x_wconf 90' lang='lat' dir='ltr'><strong>quia</strong></span> <span class='ocrx_word' id='word_1_353' title='bbox 1078 3828 1143 3873; x_wconf 93' lang='lat' dir='ltr'><strong>non</strong></span> <span class='ocrx_word' id='word_1_354' title='bbox 1165 3811 1342 3877; x_wconf 83' lang='lat' dir='ltr'><strong>arbitrantur</strong></span> 
     </span>
     <span class='ocr_line' id='line_1_41' title="bbox 227 3897 1374 3995; baseline 0.002 -38"><span class='ocrx_word' id='word_1_355' title='bbox 227 3916 293 3957; x_wconf 86' lang='lat' dir='ltr'><strong>esse</strong></span> <span class='ocrx_word' id='word_1_356' title='bbox 323 3897 379 3959; x_wconf 87' lang='lat' dir='ltr'><strong>sibi</strong></span> <span class='ocrx_word' id='word_1_357' title='bbox 406 3898 588 3979; x_wconf 80' lang='lat' dir='ltr'><strong>pericnlum:</strong></span> <span class='ocrx_word' id='word_1_358' title='bbox 621 3906 769 3961; x_wconf 84' lang='lat' dir='ltr'><strong>riorerunt</strong></span> <span class='ocrx_word' id='word_1_359' title='bbox 797 3899 876 3960; x_wconf 88' lang='lat' dir='ltr'><strong>enim</strong></span> <span class='ocrx_word' id='word_1_360' title='bbox 905 3898 1020 3961; x_wconf 84' lang='lat' dir='ltr'><strong>auxilia.</strong></span> <span class='ocrx_word' id='word_1_361' title='bbox 1076 3898 1265 3977; x_wconf 78' lang='lat' dir='ltr'><strong>Argumenta</strong></span> <span class='ocrx_word' id='word_1_362' title='bbox 1292 3903 1342 3963; x_wconf 91' lang='lat' dir='ltr'><strong>hoe</strong></span> <span class='ocrx_word' id='word_1_363' title='bbox 1370 3912 1374 3995; x_wconf 66' lang='lat' dir='ltr'><strong>p</strong></span> 
     </span>
     <span class='ocr_line' id='line_1_42' title="bbox 185 3986 1342 4069; baseline 0.003 -23"><span class='ocrx_word' id='word_1_364' title='bbox 185 4000 211 4045; x_wconf 66' lang='grc' dir='ltr'><strong>ιθ</strong></span> <span class='ocrx_word' id='word_1_365' title='bbox 230 3994 284 4058; x_wconf 82' lang='lat' dir='ltr'><strong>est,</strong></span> <span class='ocrx_word' id='word_1_366' title='bbox 304 3987 384 4067; x_wconf 91' lang='lat' dir='ltr'><strong>qnod</strong></span> <span class='ocrx_word' id='word_1_367' title='bbox 408 4006 498 4067; x_wconf 89' lang='lat' dir='ltr'><strong>quum</strong></span> <span class='ocrx_word' id='word_1_368' title='bbox 523 3986 679 4049; x_wconf 83' lang='lat' dir='ltr'><strong>destitutos</strong></span> <span class='ocrx_word' id='word_1_369' title='bbox 702 4008 735 4049; x_wconf 83' lang='lat' dir='ltr'><strong>se</strong></span> <span class='ocrx_word' id='word_1_370' title='bbox 758 3986 865 4049; x_wconf 85' lang='lat' dir='ltr'><strong>auxilio</strong></span> <span class='ocrx_word' id='word_1_371' title='bbox 888 3994 995 4067; x_wconf 91' lang='lat' dir='ltr'><strong>putant</strong></span> <span class='ocrx_word' id='word_1_372' title='bbox 1016 3994 1120 4065; x_wconf 88' lang='lat' dir='ltr'><strong>estque</strong></span> <span class='ocrx_word' id='word_1_373' title='bbox 1133 3986 1199 4049; x_wconf 89' lang='lat' dir='ltr'><strong>iam</strong></span> <span class='ocrx_word' id='word_1_374' title='bbox 1221 3989 1342 4069; x_wconf 88' lang='lat' dir='ltr'><strong>propiu-</strong></span> 
     </span>
     <span class='ocr_line' id='line_1_43' title="bbox 226 4054 1375 4156; baseline -0.001 -19"><span class='ocrx_word' id='word_1_375' title='bbox 226 4094 317 4153; x_wconf 88' lang='lat' dir='ltr'><strong>quum</strong></span> <span class='ocrx_word' id='word_1_376' title='bbox 344 4075 470 4147; x_wconf 85' lang='lat' dir='ltr'><strong>malurn,</strong></span> <span class='ocrx_word' id='word_1_377' title='bbox 500 4075 659 4154; x_wconf 79' lang='lat' dir='ltr'><strong>refugiunt.</strong></span> <span class='ocrx_word' id='word_1_378' title='bbox 706 4076 811 4137; x_wconf 84' lang='lat' dir='ltr'><strong>l&#39;emrn</strong></span> <span class='ocrx_word' id='word_1_379' title='bbox 836 4075 873 4135; x_wconf 90' lang='lat' dir='ltr'><strong>de</strong></span> <span class='ocrx_word' id='word_1_380' title='bbox 897 4074 1035 4137; x_wconf 81' lang='lat' dir='ltr'><strong>omnibus</strong></span> <span class='ocrx_word' id='word_1_381' title='bbox 1056 4073 1120 4147; x_wconf 87' lang='lat' dir='ltr'><strong>bie,</strong></span> <span class='ocrx_word' id='word_1_382' title='bbox 1151 4094 1230 4155; x_wconf 85' lang='lat' dir='ltr'><strong>quoe</strong></span> <span class='ocrx_word' id='word_1_383' title='bbox 1253 4077 1342 4156; x_wconf 87' lang='lat' dir='ltr'><strong>aliqua</strong></span> <span class='ocrx_word' id='word_1_384' title='bbox 1370 4054 1375 4155; x_wconf 73' lang='lat' dir='ltr'><strong>l</strong></span> 
     </span>
     <span class='ocr_line' id='line_1_44' title="bbox 225 4161 1340 4243; baseline 0.004 -22"><span class='ocrx_word' id='word_1_385' title='bbox 225 4181 344 4234; x_wconf 62' lang='lat' dir='ltr'><strong>«talama,</strong></span> <span class='ocrx_word' id='word_1_386' title='bbox 376 4182 447 4242; x_wconf 89' lang='lat' dir='ltr'><strong>quas</strong></span> <span class='ocrx_word' id='word_1_387' title='bbox 468 4162 610 4236; x_wconf 72' lang='lat' dir='ltr'><strong>«linimus,</strong></span> <span class='ocrx_word' id='word_1_388' title='bbox 639 4182 793 4225; x_wconf 81' lang='lat' dir='ltr'><strong>causarum</strong></span> <span class='ocrx_word' id='word_1_389' title='bbox 822 4163 860 4223; x_wconf 91' lang='lat' dir='ltr'><strong>ad</strong></span> <span class='ocrx_word' id='word_1_390' title='bbox 883 4162 1087 4225; x_wconf 85' lang='lat' dir='ltr'><strong>fortitudinem</strong></span> <span class='ocrx_word' id='word_1_391' title='bbox 1116 4161 1265 4243; x_wconf 84' lang='lat' dir='ltr'><strong>impellit,</strong></span> <span class='ocrx_word' id='word_1_392' title='bbox 1297 4164 1340 4233; x_wconf 90' lang='lat' dir='ltr'><strong>illi,</strong></span> 
     </span>
     <span class='ocr_line' id='line_1_45' title="bbox 225 4228 1374 4331; baseline 0.002 -18"><span class='ocrx_word' id='word_1_393' title='bbox 225 4249 274 4330; x_wconf 86' lang='lat' dir='ltr'><strong>qui</strong></span> <span class='ocrx_word' id='word_1_394' title='bbox 291 4249 329 4311; x_wconf 89' lang='lat' dir='ltr'><strong>ob</strong></span> <span class='ocrx_word' id='word_1_395' title='bbox 349 4251 497 4331; x_wconf 86' lang='lat' dir='ltr'><strong>pudorem</strong></span> <span class='ocrx_word' id='word_1_396' title='bbox 514 4270 549 4311; x_wconf 89' lang='lat' dir='ltr'><strong>ae</strong></span> <span class='ocrx_word' id='word_1_397' title='bbox 565 4251 774 4315; x_wconf 83' lang='lat' dir='ltr'><strong>verecundiam</strong></span> <span class='ocrx_word' id='word_1_398' title='bbox 792 4250 869 4311; x_wconf 89' lang='lat' dir='ltr'><strong>mala</strong></span> <span class='ocrx_word' id='word_1_399' title='bbox 887 4251 1026 4322; x_wconf 88' lang='lat' dir='ltr'><strong>tolerant,</strong></span> <span class='ocrx_word' id='word_1_400' title='bbox 1044 4248 1174 4313; x_wconf 75' lang='lat' dir='ltr'><strong>maxime</strong></span> <span class='ocrx_word' id='word_1_401' title='bbox 1193 4252 1233 4315; x_wconf 92' lang='lat' dir='ltr'><strong>ad</strong></span> <span class='ocrx_word' id='word_1_402' title='bbox 1248 4270 1340 4315; x_wconf 74' lang='lat' dir='ltr'><strong>amant</strong></span> <span class='ocrx_word' id='word_1_403' title='bbox 1371 4228 1374 4293; x_wconf 76' lang='grc' dir='ltr'>Ι</span> 
     </span>
     <span class='ocr_line' id='line_1_46' title="bbox 226 4336 1377 4458; baseline 0.003 -59"><span class='ocrx_word' id='word_1_404' title='bbox 226 4336 430 4401; x_wconf 84' lang='lat' dir='ltr'><strong>tortitudinem</strong></span> <span class='ocrx_word' id='word_1_405' title='bbox 453 4339 596 4401; x_wconf 86' lang='lat' dir='ltr'><strong>aooedoro</strong></span> <span class='ocrx_word' id='word_1_406' title='bbox 623 4339 778 4410; x_wconf 85' lang='lat' dir='ltr'><strong>videntur,</strong></span> <span class='ocrx_word' id='word_1_407' title='bbox 808 4338 1059 4417; x_wconf 86' lang='lat' dir='ltr'><strong>quamadmodum</strong></span> <span class='ocrx_word' id='word_1_408' title='bbox 1084 4338 1176 4403; x_wconf 83' lang='lat' dir='ltr'><strong>eliam</strong></span> <span class='ocrx_word' id='word_1_409' title='bbox 1199 4338 1341 4405; x_wconf 82' lang='lat' dir='ltr'><strong>Homerus</strong></span> <span class='ocrx_word' id='word_1_410' title='bbox 1371 4348 1377 4458; x_wconf 69' lang='lat' dir='ltr'><strong>q</strong></span> 
     </span>
     <span class='ocr_line' id='line_1_47' title="bbox 227 4424 1378 4818; baseline -0.002 -329"><span class='ocrx_word' id='word_1_411' title='bbox 227 4424 388 4489; x_wconf 86' lang='lat' dir='ltr'><strong>lleetorem</strong></span> <span class='ocrx_word' id='word_1_412' title='bbox 407 4432 558 4491; x_wconf 75' lang='lat' dir='ltr'><strong>onumen</strong></span> <span class='ocrx_word' id='word_1_413' title='bbox 577 4446 644 4491; x_wconf 86' lang='lat' dir='ltr'><strong>eum</strong></span> <span class='ocrx_word' id='word_1_414' title='bbox 666 4426 779 4491; x_wconf 82' lang='lat' dir='ltr'><strong>babille</strong></span> <span class='ocrx_word' id='word_1_415' title='bbox 802 4424 923 4493; x_wconf 76' lang='lat' dir='ltr'><strong>inivisse</strong></span> <span class='ocrx_word' id='word_1_416' title='bbox 945 4424 1032 4491; x_wconf 88' lang='lat' dir='ltr'><strong>dioit:</strong></span> <span class='ocrx_word' id='word_1_417' title='bbox 1370 4500 1378 4818; x_wconf 80' lang='grc' dir='ltr'>Ι</span> 
     </span>
    </p>
   </div>
   <div class='ocr_carea' id='block_1_7' title="bbox 0 0 1399 4838">
    <p class='ocr_par' dir='ltr' id='par_1_13' title="bbox 0 0 1399 4838">
     <span class='ocr_line' id='line_1_48' title="bbox 0 0 1399 4838; baseline 0 0"><span class='ocrx_word' id='word_1_418' title='bbox 0 0 1399 4838; x_wconf 95' lang='lat' dir='ltr'><strong> </strong></span> 
     </span>
    </p>
   </div>
  </div>
 </body>
</html>
