2784 4838
573 231 600 305 Ι.
628 230 663 305 8,
698 231 740 307 lt
769 233 803 308 1.
1214 228 1294 315 275

87 421 346 502 ιιιι,ι.ῐιιὶιιιίριιιι
375 440 410 483 ac
434 422 591 485 rectricem
621 423 763 485 omnium.
816 422 897 485 Ilaec
923 429 969 486 est
998 422 1120 486 scientie
1151 424 1243 487 civilis
1264 433 1293 488 et

176 509 298 571 scientia
327 510 456 571 tuendae
483 510 526 571 rei
557 508 706 571 familiaris
729 520 817 591 atque
840 509 1007 590 prudentia.
1046 511 1193 573 llillerunt
1214 511 1292 574 enim

132 597 344 659 teuthonicus
375 616 391 657 a
417 597 539 677 reliquis
561 615 615 669 eo,
645 599 725 676 quod
752 605 858 659 curant
882 598 995 661 bonum
1019 599 1099 677 quod
1130 599 1209 667 cadit
1236 602 1292 662 sub

176 684 322 747 actionem
352 685 526 746 humanam:
555 684 635 745 inter
664 703 697 745 se
722 693 821 747 autem
852 685 958 765 ecquid
981 685 1118 747 differant
1142 688 1293 767 posterius

176 772 351 833 ridebimus.
401 773 475 833 Esse
501 781 600 833 autem
623 771 714 833 linem
736 791 855 834 eausam
885 790 987 835 rerum
1008 771 1066 851 ipsi
1093 773 1291 835 subiectarum

178 859 308 919 declarat
328 858 412 921 ratio.
456 859 530 920 Nam
549 858 710 920 constituto
733 866 763 920 et
784 858 981 920 determinato
999 859 1069 932 fine,
1094 860 1208 940 reliqua
1230 861 1293 921 sin-

177 946 296 1023 gulatim
323 947 401 1007 bona
422 965 488 1006 esse
510 947 747 1008 demonstratur:
769 965 855 1008 causa
878 946 957 1008 enim
977 946 1044 1008 finis
1064 955 1118 1008 est
1158 948 1293 1027 Exempli

178 1033 286 1112 gratie,
317 1034 383 1114 quia
404 1035 503 1095 valere
524 1035 582 1094 hoc
612 1040 673 1105 est,
713 1053 838 1095 necesse
868 1041 914 1095 est
939 1035 996 1095 hoc
1025 1053 1091 1096 esse
1121 1035 1194 1097 illud
1213 1036 1293 1115 quod

131 1132 159 1175 eo
178 1121 215 1180 ad
243 1121 442 1181 valetudinem
468 1122 616 1181 conterat:
647 1120 765 1183 salubre
788 1128 887 1182 autem
914 1121 1091 1183 valetudinis
1116 1140 1203 1183 causa
1227 1131 1293 1183 tan-

177 1226 264 1287 quam
286 1227 410 1268 movens
426 1215 487 1280 est,
515 1208 642 1287 facitque
666 1216 699 1269 ut
728 1208 767 1269 sit
793 1209 948 1281 valetudo,
982 1215 1012 1268 at
1037 1228 1097 1271 non
1127 1211 1293 1271 othonum

176 1295 215 1354 sit
244 1295 389 1356 valetudo.
437 1296 540 1375 Neque
569 1313 641 1355 vero
670 1296 824 1376 quisquam
855 1295 1055 1369 demonstrat,
1082 1297 1195 1359 honum
1227 1316 1292 1358 esse

176 1382 392 1455 valetudinem,
423 1383 480 1443 nisi
499 1383 575 1442 sorte
595 1381 728 1460 sophista
747 1390 777 1444 et
798 1386 888 1445 homo
910 1401 970 1444 non
991 1383 1125 1445 medicus
1148 1384 1190 1458 (hi
1214 1384 1293 1445 enim

176 1469 207 1527 in
226 1469 320 1530 aliena
340 1460 430 1531 arena
447 1489 514 1529 sese
540 1469 677 1529 iactando
701 1470 904 1549 cavillanturl:
934 1471 1184 1551 quemadmodum
1201 1471 1232 1531 id
1255 1491 1294 1532 ne

177 1556 214 1617 de
242 1555 299 1615 elio
330 1557 450 1637 quidem
482 1556 628 1636 principio
652 1557 712 1618 ullo
737 1558 967 1619 demonstratur.
1009 1557 1073 1618 lloc
1096 1577 1183 1630 vero,
1213 1558 1293 1638 quod

130 1654 159 1696 us
177 1642 290 1703 homini
312 1650 345 1704 ut
374 1644 441 1704 finis
461 1644 574 1704 bonum
597 1651 627 1704 et
648 1645 728 1723 quod
751 1645 897 1724 optimum
920 1664 1024 1706 eorum
1054 1652 1100 1706 est
1125 1664 1199 1726 qnae
1224 1653 1293 1707 sunt

177 1729 208 1790 in
234 1732 349 1807 agendo
374 1731 487 1811 posita,
518 1731 670 1792 rideamus
695 1741 767 1812 quot
790 1733 887 1794 modis
923 1733 962 1794 sit
989 1732 1121 1796 omnium
1147 1733 1291 1813 optimum

177 1816 316 1896 aliudque
339 1818 546 1898 disputationis
564 1825 686 1881 nostrae
705 1838 880 1900 quaeramus
901 1820 1090 1901 principium.

650 2415 721 2525 ll.

261 2651 326 2737 His
349 2677 536 2755 praemissis,
563 2680 620 2740 alio
649 2689 769 2762 sumpto
800 2676 948 2760 principio
978 2678 1016 2740 de
1040 2679 1291 2761 consequentibus

178 2761 318 2824 dicamus.
364 2764 469 2826 Omnia
489 2765 579 2844 igitur
596 2768 676 2828 bona
698 2777 731 2830 ut
750 2776 871 2830 externa
897 2773 967 2829 sunl
989 2773 1039 2826 aut
1059 2765 1091 2827 in
1113 2767 1212 2853 animo
1234 2786 1291 2847 po-

175 2849 239 2922 sita,
262 2852 428 2933 horumque
447 2854 663 2932 praestantiora
684 2864 755 2918 sunt
768 2857 847 2917 bona
865 2853 964 2926 animi,
984 2861 1018 2913 ut
1034 2853 1123 2915 etiam
1138 2853 1169 2915 in
1188 2854 1291 2933 dispu-

175 2937 334 2999 tationibus
363 2940 548 3019 populariter
576 2943 751 3022 perscriptis
776 2940 991 3020 distinguimus.
1031 2939 1104 3001 Nam
1132 2940 1164 3002 in
1192 2941 1290 3002 animo

127 3039 156 3082 as
177 3032 223 3084 est
240 3027 399 3105 prudentia
419 3028 465 3088 vel
484 3028 638 3108 sapientia,
660 3029 691 3090 in
712 3031 818 3092 eodem
839 3028 945 3099 virtus,
967 3026 998 3087 in
1018 3027 1124 3088 eodem
1143 3028 1290 3107 voluptas,

176 3131 304 3191 quorum
323 3113 442 3194 quidem
459 3122 510 3176 aut
525 3117 668 3196 quaedam
685 3125 735 3178 aut
754 3116 852 3178 omnia
869 3114 936 3175 finis
952 3133 1019 3175 esse
1035 3113 1173 3175 videntur
1192 3115 1291 3179 omni·

174 3199 239 3259 bus.
280 3200 321 3261 Ea
347 3208 455 3276 autem,
480 3203 603 3283 quaein
625 3203 723 3265 animo
747 3203 960 3273 observantur,
986 3200 1095 3282 partim
1118 3201 1236 3263 habitus
1260 3209 1292 3263 et

175 3287 338 3361 facultates,
363 3289 471 3366 partim
493 3291 624 3353 actiones
648 3298 679 3351 et
699 3291 846 3352 motiones
868 3296 946 3350 sunt.

261 3374 341 3436 llaec
362 3375 450 3454 igitur
473 3378 569 3456 posita
591 3386 697 3440 sunto:
718 3379 850 3459 itemque
872 3376 1003 3458 positum
1024 3383 1088 3436 esto
1113 3374 1150 3436 de
1171 3375 1289 3449 virtute,

174 3479 241 3521 esse
265 3481 329 3523 eam
359 3464 499 3542 optimam
530 3466 717 3527 allectionem
747 3467 795 3527 vel
814 3465 959 3546 optimum
987 3461 1120 3525 habiturn
1141 3463 1189 3524 vel
1211 3463 1290 3544 opti-

83 3560 252 3611 nlnamam
272 3550 441 3612 facultatem
463 3571 582 3624 eorum,
609 3572 736 3634 quorum
759 3572 830 3615 usus
847 3551 951 3632 aliquis
973 3569 1087 3633 opusve
1108 3558 1162 3612 est
1203 3551 1291 3625 Quod

176 3654 245 3695 vere
271 3655 287 3696 a
310 3637 397 3699 nobis
419 3638 492 3718 poni
520 3640 608 3701 donet
633 3640 784 3706 inductio:
814 3659 883 3702 nam
912 3638 943 3700 in
974 3637 1111 3700 omnibus
1140 3638 1230 3700 rebus
1252 3638 1291 3699 ita

174 3723 338 3785 statuimus.
384 3725 518 3805 Exempli
539 3745 625 3788 causa
648 3727 816 3789 vestimenti
838 3727 931 3788 virtus
954 3735 1014 3787 est:
1043 3744 1113 3787 nam
1129 3744 1205 3804 opus
1228 3724 1291 3785 eius

174 3810 293 3890 aliquod
313 3819 343 3873 et
364 3832 436 3874 usus
459 3821 519 3874 est:
542 3814 731 3895 optimusque
754 3815 871 3877 habitus
887 3811 1177 3896 vestimenti,huius
1198 3811 1291 3873 rirtus

175 3906 229 3957 est.
275 3899 415 3960 Similiter
444 3900 536 3962 virtus
567 3909 614 3962 est
643 3902 760 3980 navigii,
789 3901 931 3975 aedificii,
967 3917 1069 3960 rernm
1096 3897 1290 3978 reliquarum:

139 3995 155 4035 ⁵
176 4003 247 4062 ergo
268 3986 355 4047 etiam
371 3986 475 4047 animi:
496 3989 583 4049 huius
600 3989 679 4050 enim
694 3990 814 4069 aliquod
829 4006 938 4051 munus
955 4003 1090 4065 opusque
1111 3992 1165 4045 est
1202 3984 1291 4065 Atqui

174 4073 399 4152 praestantioris
420 4075 537 4136 habitus
560 4095 668 4137 munus
690 4083 721 4137 et
743 4095 820 4156 opus
848 4075 997 4143 iudicetur
1016 4071 1230 4151 praestantius:
1262 4078 1290 4132 et

174 4160 268 4239 qualis
286 4169 332 4221 est
350 4161 504 4223 habituum
523 4162 694 4225 vicissitudo
718 4163 806 4225 telem
826 4162 915 4223 etiam
938 4177 1064 4238 operum
1086 4158 1123 4219 ab
1143 4158 1291 4221 habitibus

173 4248 378 4327 proiectorum
405 4249 638 4313 vicissitudinem
666 4269 732 4311 esse
760 4257 899 4330 ponatur.
951 4245 1032 4307 Finis
1059 4252 1159 4308 autern
1179 4246 1292 4307 -nnins-

174 4333 317 4415 cuiusque
336 4336 398 4409 rei,
422 4356 498 4416 opus
522 4346 576 4399 est
615 4337 659 4399 Ex
680 4337 726 4400 his
748 4344 874 4417 apparet
896 4353 972 4415 opus
992 4350 1058 4394 esse
1078 4332 1185 4397 melius
1204 4351 1290 4414 quam

126 4421 323 4485 reunitum:
353 4443 423 4486 nam
441 4425 510 4488 linis
530 4434 577 4488 est
599 4424 745 4508 optimum
764 4433 798 4491 ut
819 4424 904 4487 finis:
929 4419 1084 4504 posuimus
1104 4420 1184 4484 enim
1200 4420 1290 4485 finem

1023 4524 1091 4586 18*
