2776 4836
91 221 169 315 338
619 230 710 305 Vlll.
737 228 772 306 2.

95 412 267 497 nnoQuod
288 421 322 494 si,
340 428 373 482 ut
388 421 505 502 quidam
522 429 660 483 cantores
682 430 762 493 sunt,
786 418 861 502 quos
883 439 991 482 canere
1011 439 1062 482 ars
1086 421 1173 482 nulla
1195 423 1290 497 docuit,

180 513 218 573 ita
243 509 360 590 quidam
380 508 511 571 bonitate
530 516 560 569 et
580 510 726 572 beneficio
749 517 873 571 naturae
894 509 972 570 hene
993 509 1139 571 instructi
1160 520 1242 584 sunt,
1262 533 1289 573 ae

179 600 244 661 sine
263 597 394 667 ratione,
419 597 473 657 sed
496 597 564 676 quia
584 605 689 660 natura
706 597 738 659 in
758 598 800 658 eis
816 604 884 676 apta
905 603 967 669 est,
988 604 1144 677 appetunt
1164 600 1290 679 cupiunt-

180 706 238 767 que
262 694 292 748 et
308 686 382 757 hoc,
410 685 490 763 quod
510 685 611 758 decet,
630 693 660 747 et
681 694 760 757 tum,
785 703 876 765 quum
896 683 998 756 decet,
1022 692 1054 746 et
1071 684 1134 759 sic,
1155 695 1189 747 ut
1207 687 1290 760 decet,

134 786 162 829 aa
182 775 211 836 hi
228 774 374 854 prolecto,
394 772 581 851 quantumvis
597 773 678 834 stulti
694 772 928 853 insipientesque
942 772 1010 843 sint,
1035 780 1141 834 tamen
1160 793 1290 836 successo

178 880 327 943 prospero
347 860 492 938 gaudent,
516 879 577 921 non
595 881 682 923 secus
701 868 789 941 atque
812 860 862 933 illi,
886 859 935 940 qui
958 859 1039 921 nulla
1060 860 1145 922 docti
1168 870 1230 923 arte
1245 883 1290 924 na·

180 957 263 1010 turae
288 947 389 1008 indole
419 954 555 1008 cantores
582 956 660 1009 sunt
704 949 777 1009 Nam
801 946 843 1009 illi
875 948 975 1028 utique
1003 947 1153 1009 fortunati
1184 949 1291 1011 dicendi

179 1043 266 1108 sunt,
294 1034 429 1116 quisine
451 1034 566 1096 ratione
589 1037 765 1117 plerumque
791 1043 916 1097 utuntur
936 1054 1086 1115 prospero
1110 1055 1216 1098 rerum
1232 1058 1291 1099 sua·

179 1143 245 1185 rum
272 1142 421 1184 successu.
480 1123 581 1202 ltaque
614 1126 720 1185 natura
748 1142 814 1184 osse
844 1124 1026 1195 fortunatos,
1064 1122 1229 1187 dicendum
1252 1126 1290 1186 sit

179 1211 239 1271 Nisi
266 1213 343 1272 lorte
370 1209 505 1291 plun'bus
534 1211 630 1271 modis
660 1210 767 1272 dicitur
791 1212 909 1272 fortuna
941 1211 1082 1272 secunda.
1140 1211 1214 1274 Nam
1244 1213 1289 1274 alia
1317 1244 1322 1321 q

134 1313 161 1357 ao
179 1298 255 1360 fiunt
271 1299 307 1359 ab
326 1297 440 1378 impetu
455 1305 485 1358 et
501 1306 574 1372 tum,
597 1317 688 1378 quum
711 1298 742 1359 in
760 1298 928 1359 hominibus
945 1296 1056 1376 aliquid
1076 1298 1210 1362 faciendi
1227 1319 1290 1361 coo·-

177 1387 274 1447 silium
298 1393 361 1457 est,
382 1385 437 1446 alia
454 1405 525 1447 vcro
548 1404 651 1459 secus,
671 1386 762 1447 immo
780 1404 853 1446 vero
872 1406 888 1447 e
909 1385 1068 1446 contrario.
1112 1386 1212 1466 Atque
1234 1389 1288 1469 qui·
1312 1382 1318 1479 l

176 1474 234 1536 bus
262 1474 293 1535 in
324 1473 414 1535 rebus
451 1473 507 1550 [hi,
539 1474 588 1553 qui
618 1493 682 1536 rem
711 1473 874 1534 faciendam
900 1474 1110 1553 susceperant]
1140 1475 1218 1537 male
1243 1476 1288 1536 sibi

178 1560 364 1622 consuluisse
386 1560 577 1633 ridebantur,
598 1569 628 1622 et
649 1569 748 1625 333333
768 1579 916 1642 prospero
938 1579 1080 1622 successu
1104 1569 1247 1637 utuntur,
1263 1564 1287 1623 io
1310 1536 1315 1619 i

177 1648 221 1710 his
244 1648 335 1710 rebus
357 1649 505 1709 fortunam
521 1650 687 1711 secundam
702 1628 846 1728 iegnasse
862 1648 998 1710 dicimus:
1018 1647 1220 1729 similiterque
1236 1653 1287 1712 ior·
1312 1660 1315 1669 ’

175 1744 278 1798 tunam
307 1736 469 1797 secundam
498 1737 529 1797 in
555 1736 600 1797 his
631 1737 720 1798 rebus
742 1755 883 1816 regnasse
905 1735 1047 1809 dicimus,
1079 1737 1121 1798 de
1142 1737 1249 1819 quilius
1268 1739 1287 1799 si
1309 1686 1314 1799 i

176 1824 400 1896 deliberassent,
423 1842 486 1884 eam
508 1824 584 1885 viam
608 1824 734 1903 ingressi
755 1832 864 1896 essent,
891 1842 947 1905 qua
970 1832 1073 1886 essent
1087 1824 1192 1887 minus
1215 1846 1286 1888 con·

174 1911 256 1973 modi
279 1911 415 1973 assecuti.
460 1910 530 1972 lllos
560 1911 649 1990 igitur
668 1914 772 1973 naturai
801 1912 902 1973 felices
924 1912 1078 1993 appellare
1101 1912 1183 1974 licet
1223 1915 1285 1975 Nam

175 1999 205 2060 in
224 1998 281 2061 illis
300 1999 429 2080 impetus
452 2007 481 2059 et
502 2000 651 2079 appetitus
674 1999 711 2060 ad
733 2000 764 2061 id
784 1998 927 2072 tendens,
957 1998 996 2060 331
1018 2000 1101 2080 quod
1126 2003 1284 2081 oportebat,
1309 1974 1314 2063 i

128 2086 342 2159 comiserat,
371 2094 402 2148 ut
431 2105 572 2147 successu
595 2105 743 2167 prospero
769 2093 940 2159 uterentur,
970 2088 1165 2166 quantumvis
1196 2090 1284 2170 inepta

174 2181 253 2235 esset
274 2193 378 2235 eorum
398 2175 482 2235 ratio.
525 2173 621 2253 Atque
641 2174 709 2234 illos
728 2174 846 2253 quidem
869 2181 949 2246 tum,
980 2193 1072 2253 quum
1092 2176 1172 2237 ratio
1193 2196 1284 2240 eorum
1310 2140 1313 2219 Ι

174 2280 236 2322 non
259 2269 339 2323 recta
363 2269 435 2333 erat,
459 2280 545 2323 causa
567 2261 646 2323 illius
664 2260 905 2334 ratiocinationis,
925 2280 1000 2342 quae
1022 2270 1108 2324 recta
1133 2273 1210 2338 erat,
1232 2285 1284 2327 scr·
1308 2312 1313 2379 q

174 2349 277 2409 rabat:
305 2356 333 2410 at
361 2349 418 2410 alio
440 2357 578 2429 tempore
600 2349 674 2410 alius
699 2349 852 2429 cupiditati
879 2349 1049 2430 obsequens
1070 2351 1185 2414 eodem
1206 2353 1283 2415 modo
1310 2428 1312 2435 Ι

174 2435 405 2496 ratiocinabatur
434 2444 463 2498 et
493 2438 610 2497 fortuna
629 2436 753 2498 adversa
779 2437 925 2498 utebatur.
971 2436 1005 2497 ln
1034 2437 1095 2500 illis
1119 2459 1213 2514 vero,
1246 2440 1283 2520 qui
1310 2450 1312 2461 '

175 2522 241 2583 sine
264 2522 388 2583 consilio
412 2531 441 2583 et
462 2523 575 2604 impetu
590 2523 710 2584 intorno
734 2531 876 2602 egerunt,
906 2542 966 2603 quo
986 2525 1112 2586 taudem
1132 2535 1223 2607 pacto
1240 2528 1283 2590 erit

175 2611 292 2670 fortuna
314 2611 460 2682 secunda,
484 2629 558 2689 qnae
580 2611 705 2672 naturali
722 2611 820 2672 bonae
841 2610 935 2671 indoli
954 2611 1128 2692 cupiditatis
1148 2622 1181 2677 et
1202 2635 1282 2696 appe-

174 2697 285 2758 titionis
304 2695 510 2778 rcspondeat‘?
547 2698 643 2775 [Nullo
664 2706 767 2779 pacto:
793 2718 860 2760 nam
888 2707 990 2760 carent
1018 2699 1171 2763 eiusmodi
1194 2702 1282 2764 indole

88 2786 272 2863 3333133331.
320 2784 357 2845 At
383 2804 454 2846 vero
479 2785 504 2845 si
526 2785 586 2846 illic
606 2787 685 2846 bona
707 2788 825 2847 fortuna
849 2794 877 2848 et
900 2788 962 2847 lors
986 2787 1046 2848 duo
1068 2788 1194 2851 diversa
1216 2799 1281 2861 suot

173 2872 221 2934 hic
248 2879 347 2934 autem
372 2872 451 2934 idem
475 2881 560 2944 sunt,
592 2873 678 2953 plura
708 2891 818 2951 genera
848 2875 984 2936 fortunae
1013 2877 1171 2939 secundae
1194 2874 1312 2965 haberit

172 2979 297 3022 necesse
321 2971 373 3022 est.
412 2963 510 3034 Quum
528 2978 599 3021 vero
616 2960 776 3033 videamus,
797 2962 940 3041 quosdam
957 2969 1060 3023 contra
1083 2982 1195 3027 omnes
1217 2974 1281 3027 artes

173 3055 202 3108 et
223 3047 361 3109 scientias
379 3055 408 3108 et
424 3056 526 3109 contra
550 3055 645 3108 rectas
667 3048 797 3109 rationes
820 3056 918 3110 tamen
940 3049 982 3110 uti
1004 3051 1128 3112 fortuna
1142 3054 1281 3115 secunda:
1307 3026 1312 3101 l

173 3134 230 3194 iam
251 3135 374 3214 intelligi
397 3136 495 3208 dehet,
519 3154 635 3195 causam
657 3154 673 3195 a
696 3135 817 3196 scientia
838 3137 1033 3217 repetendam
1052 3156 1122 3201 esse
1143 3139 1279 3202 diversam

173 3221 208 3281 ab
233 3240 266 3281 ca
285 3240 381 3295 causa,
409 3242 484 3301 quac
503 3241 519 3281 3
541 3225 659 3283 fortuna
682 3223 813 3283 secunda
831 3224 995 3304 repetenda
1014 3231 1070 3286 est
1114 3226 1180 3288 Sed
1203 3248 1280 3309 quac·

139 3307 263 3380 oritur,
293 3328 366 3370 num
387 3309 442 3370 ista
462 3312 579 3370 fortuna
602 3311 732 3371 secunda
753 3310 943 3373 existimanda
962 3311 1016 3384 sit,
1049 3312 1137 3375 cuius
1161 3314 1280 3396 impulso
1307 3312 1312 3409 q

172 3395 245 3455 ratio
267 3396 395 3457 humana
415 3416 464 3468 ea,
490 3416 564 3476 quae
583 3397 725 3470 debebat,
746 3405 775 3459 et
797 3406 876 3470 tum,
898 3416 988 3478 quum
1010 3398 1157 3475 debehat,
1182 3422 1280 3465 concu-

171 3483 313 3561 piscebat.
366 3483 403 3544 dt
428 3484 515 3545 huius
545 3484 663 3562 quidem
687 3503 773 3545 causa
802 3486 920 3547 fortuna
945 3485 1078 3547 secunda
1101 3488 1212 3551 haberi
1232 3508 1279 3551 non
1307 3478 1312 3577 Ι

173 3576 281 3646 potest.
325 3571 426 3648 Neque
450 3571 528 3631 enim
552 3571 640 3649 plane
662 3580 745 3632 vacat
765 3572 890 3645 ratione,
910 3592 1007 3652 neque
1030 3572 1124 3652 plane
1147 3577 1279 3639 naturalis
1306 3586 1313 3657 ,³

172 3663 217 3714 est
234 3655 387 3735 cupiditas,
410 3659 463 3717 sed
486 3657 638 3735 abaliquo
661 3660 870 3739 corrumpitur.
915 3660 1001 3740 Atqui
1018 3661 1141 3723 fortuna
1160 3665 1280 3726 secunda
1306 3664 1311 3715 ⁵.

171 3740 201 3801 in
222 3761 256 3802 eo
277 3761 401 3822 regnare
425 3744 550 3815 videtur,
575 3744 681 3822 inquo
701 3748 762 3806 sors
786 3747 928 3825 quaedam
946 3765 1033 3808 causa
1054 3766 1164 3811 rerum
1184 3750 1278 3813 rationi
1305 3748 1310 3881 q

128 3847 152 3890 33
172 3829 392 3891 adversantium
414 3838 474 3891 est:
496 3831 554 3891 hoc
574 3839 671 3891 autem
695 3842 841 3912 repugnat
858 3834 979 3895 rationi:
1003 3852 1073 3895 nam
1093 3836 1239 3901 scientiae
1258 3847 1279 3898 et
1307 3894 1311 3905 ,

81 3992 85 3999 Ι
171 3916 213 3987 ei,
245 3918 325 3996 quod
350 3918 379 3979 in
408 3918 578 3979 [universum
601 3918 665 3979 lieri
687 3920 837 3992 videmus,
866 3929 1026 4000 repugnat:
1055 3941 1162 4003 neque
1193 3934 1277 3987 tamen
1305 3918 1310 4007 Ι

170 4003 216 4080 (ut
245 4024 300 4065 nos
330 4006 447 4084 quidem
480 4005 691 4084 existimamus)
723 4025 738 4065 a
768 4010 885 4069 fortuna
916 4008 996 4069 venit
1028 4026 1118 4071 causa
1151 4010 1278 4093 prosperi
1307 4076 1310 4095 Ι

168 4110 334 4163 successus,
357 4094 410 4153 sed
427 4094 631 4153 tantummodo
652 4093 748 4153 obiter
764 4094 948 4156 intuentibus
964 4096 1004 4156 ita
1027 4094 1160 4159 videtur.
1192 4102 1277 4174 Quare
1306 4148 1312 4183 ι

168 4178 241 4238 haec
268 4180 342 4239 ratio
368 4200 429 4240 non
452 4181 510 4240 hoc
537 4181 657 4260 probat,
687 4183 791 4240 natura
816 4182 877 4242 dan'
900 4183 1017 4244 felicem
1038 4200 1145 4246 rerum
1169 4206 1276 4249 succes·
1309 4188 1312 4197 '

170 4282 245 4336 sum,
265 4268 318 4326 sed
341 4287 374 4326 ea
396 4269 454 4327 hoc
471 4268 569 4346 potius
593 4267 731 4338 declarat,
754 4287 814 4328 non
836 4287 949 4341 omneS,
974 4270 1090 4350 quinti
1114 4273 1200 4337 felici
1221 4293 1276 4336 suc·
1303 4240 1309 4305 l

169 4368 256 4411 oessu
276 4353 440 4425 videantur,
464 4373 519 4432 per
541 4356 689 4414 fortunam
711 4355 789 4416 hene
812 4374 875 4417 rem
897 4375 1016 4434 gerere,
1041 4358 1097 4419 sed
1118 4378 1181 4440 por
1204 4368 1276 4423 nato·

168 4452 249 4495 ram:
269 4457 367 4516 neque
389 4441 496 4517 probat
511 4442 584 4501 haec
600 4442 684 4514 ratio,
708 4444 855 4503 fortunam
878 4463 944 4505 esse
962 4443 1075 4506 nullius
1093 4446 1139 4509 rei
1159 4466 1274 4519 333333,
1305 4468 1310 4479 ·
