2776 4836
559 225 782 300 ἺΗΗ.χ
1159 223 1234 307 W

73 422 174 482 aeaut
194 419 294 476 mente
315 421 364 475 aut
381 415 471 476 tutela
493 415 617 477 deorum
640 435 689 478 res
707 416 856 479 secundae
879 415 1028 488 eveniunt,
1052 417 1110 479 duo
1132 426 1236 498 poste·

121 503 200 564 riora
221 507 319 564 autern
342 501 391 563 hic
418 521 480 564 non
507 503 622 576 valent,
652 505 799 586 reliquum
823 510 882 576 est,
912 511 945 565 ut
965 505 1071 565 natura
1093 504 1158 566 fieri
1180 507 1235 568 ho·

121 591 217 652 mines
238 590 404 651 fortunatos
426 590 636 653 existimemus.
687 592 725 653 At
754 611 825 652 vero
848 598 952 653 natura
975 591 1065 654 elficit
1085 609 1134 665 ea,
1161 612 1235 673 quae

122 685 173 739 aut
194 696 315 758 semper
337 677 402 758 pari
424 679 514 740 modo
536 698 569 740 se
591 679 702 741 habent
723 687 774 741 aut
796 679 972 759 plerumque
994 678 1150 741 eveniunt:
1167 682 1235 753 for-

122 772 192 826 tuna
209 773 312 826 contra
334 773 484 846 operatur.
522 767 609 840 Quod
630 767 655 828 si
678 767 717 828 ita
737 774 791 839 est,
815 785 859 838 ea,
876 784 952 845 quae
968 772 1072 828 contra
1090 767 1234 831 rationem

121 853 270 925 eveniunt,
291 852 427 915 fortunae
446 854 603 916 tribuenda
624 861 703 916 sunt.
743 853 780 914 At
798 854 822 914 si
847 854 964 914 fortuna
983 854 1016 914 frt
1032 854 1122 916 homo
1139 857 1236 919 fortu-

74 947 218 1019 senatus,
242 959 343 1000 nonne
367 959 454 1002 causa
474 941 561 1003 huius
584 941 724 1003 fortunati
747 949 840 1002 status
861 941 926 1002 talis
949 959 1015 1002 esse
1039 941 1136 1015 debet,
1161 963 1235 1025 quae

120 1046 185 1089 rem
201 1028 325 1089 eandem
343 1035 370 1088 et
389 1029 566 1108 plerumque
581 1029 766 1091 evenientem
783 1025 913 1090 efficiat?
936 1028 1012 1090 Turn
1032 1048 1112 1102 vero,
1133 1030 1235 1093 sinon

122 1116 251 1187 fortuna,
275 1115 329 1176 sed
345 1123 450 1178 natura
469 1115 569 1188 efficit,
591 1125 624 1178 ut
639 1117 687 1179 lric
704 1124 804 1179 certus
823 1117 923 1189 homo,
946 1115 1085 1196 quoniam
1100 1116 1151 1179 hio
1169 1138 1236 1180 cer·

124 1209 171 1264 tus
197 1204 287 1264 homo
312 1211 373 1275 est,
404 1203 434 1264 in
465 1204 590 1284 quadam
617 1224 651 1266 re
674 1204 741 1266 felix
765 1211 897 1265 autnon
925 1202 994 1263 felix
1024 1223 1091 1265 esse
1119 1204 1234 1278 debeat,

120 1290 247 1369 exempli
267 1290 367 1369 gratia,
385 1299 427 1362 ut,
446 1291 587 1370 quoniam
602 1292 694 1354 semel
720 1291 833 1353 caesius
855 1298 910 1364 est,
932 1309 994 1352 non
1012 1298 1097 1353 acute
1117 1301 1234 1355 cernat:

107 1397 184 1438 Jnon
206 1377 324 1438 fortuna
346 1378 433 1440 huius
451 1379 494 1440 rei
514 1398 601 1440 causa
620 1379 677 1441 dici
701 1386 810 1460 potest,
833 1380 886 1441 sed
903 1384 1007 1439 natura
1025 1379 1124 1459 potius
1148 1399 1235 1442 causa

122 1464 247 1526 dicenda
271 1473 332 1526 est:
355 1485 425 1545 ergo
449 1487 508 1528 non
533 1469 700 1528 fortunatus
723 1474 769 1527 est
789 1466 853 1534 talis
872 1468 971 1539 homo,
997 1467 1050 1527 sed
1070 1467 1169 1547 potius
1194 1503 1233 1514 —

120 1561 153 1613 ut
175 1552 213 1613 ita
233 1553 328 1615 dicam
352 1589 394 1598 -
413 1555 490 1616 lione
513 1555 623 1617 inform
641 1562 724 1617 tusa
747 1562 860 1615 natura.
909 1555 1008 1627 Quare
1037 1554 1077 1624 ita
1102 1561 1235 1617 statuen-

121 1639 264 1713 domest,
282 1661 357 1719 (piros
375 1642 462 1720 vrrfgo
481 1630 621 1704 fortunas
664 1642 805 1715 dicamus,
829 1661 881 1702 eos
901 1660 962 1701 non
982 1660 1048 1702 esse
1069 1643 1235 1705 fortunatos

122 1728 259 1788 fortunae
277 1728 438 1790 benefitio:
462 1749 533 1808 ergo
550 1749 653 1791 revera
674 1749 735 1790 non
751 1736 822 1790 sunt
843 1728 994 1801 fortunati,
1017 1728 1075 1789 hoc
1097 1737 1151 1802 est,
1172 1749 1234 1792 non

121 1816 258 1875 fortunae
280 1815 426 1875 beneficio
449 1817 522 1877 tales
541 1826 626 1888 sunt,
657 1817 760 1896 quales
781 1824 859 1878 sunt.
905 1817 976 1877 Nam
998 1817 1075 1877 dona
1098 1818 1234 1878 fortunae

73 1900 293 1972 r‚n.necessario
322 1921 355 1962 ea
381 1901 458 1963 bona
476 1910 563 1976 sunt,
593 1924 718 1983 quornm
738 1904 885 1966 bonorum
909 1903 987 1965 bona
1008 1905 1125 1964 fortuna
1148 1922 1234 1966 causa

120 1996 167 2050 est
187 1988 232 2048 vel
251 2007 338 2049 causa
361 2009 427 2050 esse
447 1990 562 2052 dicitur.
1189 2042 1201 2075 ,

206 2078 289 2148 Quae
308 2075 332 2137 si
354 2076 393 2138 ita
412 2085 497 2150 sunt,
520 2079 680 2158 quaeritur,
705 2085 803 2139 utrum
824 2098 883 2139 non
907 2079 944 2139 sit
966 2079 1085 2140 fortuna
1103 2078 1233 2153 omnino,

120 2184 157 2224 an
189 2163 227 2224 sit
253 2184 287 2224 ea
309 2164 445 2244 quidem,
476 2166 530 2228 sed
560 2187 622 2227 non
650 2173 798 2246 tamquam
821 2184 917 2227 causa.
969 2163 1006 2226 dt
1035 2184 1159 2228 neeesse
1180 2175 1234 2241 est,

120 2253 268 2313 fortunam
291 2258 322 2312 et
343 2272 409 2313 esse
432 2260 462 2313 et
484 2273 550 2314 esse
573 2253 660 2315 etiam
683 2261 716 2314 ut
738 2272 866 2315 causam.
919 2253 984 2315 Erit
1008 2251 1099 2332 igitur
1117 2255 1235 2316 fortuna

120 2339 295 2418 quibusdam
323 2347 353 2400 et
381 2359 467 2401 eausa
490 2343 637 2403 bonorum
662 2346 692 2401 11
717 2359 803 2402 causa
828 2341 982 2402 malorum.
1022 2341 1081 2402 Sed
1100 2341 1154 2402 alia
1176 2340 1234 2404 iam

120 2426 252 2505 quaestio
271 2426 368 2499 1111111,
386 2447 456 2490 num
473 2430 591 2490 fortuna
612 2429 734 2491 omnino
750 2428 940 2500 removenda,
958 2447 1056 2508 neque
1075 2428 1234 2508 quidquam

85 2525 101 2566 ⁵
122 2516 199 2575 forte
216 2516 334 2575 fortuna
353 2514 417 2576 fieri
437 2516 595 2578 dicendum
612 2516 660 2587 sit,
681 2524 711 2578 et
729 2536 800 2578 num
819 2536 884 2589 nos,
902 2515 1049 2596 quamsit
1066 2517 1233 2591 causaalia,

112 2609 298 2681 propterea,
328 2603 406 2682 quod
437 2604 513 2664 lianc
539 2624 598 2665 non
630 2623 803 2677 cernamus,
843 2605 993 2665 fortunam
1021 2622 1140 2666 causam
1167 2623 1235 2667 esse

120 2689 268 2750 dicamus:
293 2690 543 2768 cqtremadmodum
565 2690 652 2753 etiam
676 2692 812 2771 quidam,
836 2692 885 2772 qui
909 2693 1058 2752 fortunam
1080 2690 1233 2766 definiunt,

121 2795 195 2848 eam,
215 2784 363 2854 tamquam
382 2777 491 2857 aliquid
509 2779 652 2850 naturale,
675 2799 792 2840 oausam
811 2798 877 2840 esse
900 2777 1002 2839 dicunt
1021 2778 1167 2839 humanae
1185 2799 1234 2842 ra·

121 2864 194 2925 tioni
211 2863 421 2936 irrationalem,
444 2865 501 2925 hoo
524 2875 570 2927 est
593 2865 696 2939 talem,
718 2885 805 2944 quam
827 2865 902 2927 ratio
920 2865 1048 2926 humana
1072 2876 1132 2924 non
1152 2884 1234 2929 corn·

121 2951 289 3031 prehendat
311 2970 408 3029 neque
426 2952 596 3032 perspiciat.
637 2952 783 3026 Quoniam
803 2961 901 3014 autem
923 2950 1067 3024 videmus,
1089 2954 1233 3030 quosdam

73 3055 101 3099 ro
119 3038 212 3100 semel
233 3039 274 3099 uti
298 3057 442 3118 prospera
463 3041 598 3113 fortuna,
625 3059 679 3101 cur
701 3039 731 3100 hi
754 3039 844 3101 iidem
864 3058 925 3100 non
949 3037 1036 3100 etiam
1057 3056 1161 3100 rursus
1184 3060 1234 3103 ea-

120 3127 187 3187 dem
219 3127 337 3188 fortuna
363 3124 509 3188 utuntur?
537 3147 627 3208 quum
651 3135 766 3199 tamen,
797 3125 847 3206 qui
872 3125 965 3186 semel
995 3124 1072 3187 felici
1093 3145 1233 3191 successu

120 3212 165 3273 usi
185 3212 260 3284 sint,
282 3213 404 3274 eosdem
429 3233 547 3287 rursus,
572 3215 674 3276 eadam
697 3214 727 3275 in
751 3232 853 3285 causa,
872 3213 977 3274 eodem
1002 3212 1044 3273 uti
1066 3213 1142 3275 felici
1165 3234 1234 3278 sue-

120 3317 216 3372 oessu,
236 3300 378 3361 credibile
397 3300 443 3361 sit.
488 3302 559 3362 Nam
581 3322 656 3382 quae
677 3321 726 3363 res
746 3301 839 3362 semel
858 3300 980 3362 alicuius
1002 3299 1046 3360 rei
1064 3319 1151 3362 causa
1169 3304 1233 3375 fuit,

119 3387 224 3448 eadem
255 3387 342 3449 etiam
365 3389 508 3466 repetitae
528 3389 613 3451 liuius
640 3389 683 3449 rei
716 3408 802 3450 causa
828 3407 894 3449 esse
916 3387 1013 3448 debet.
1058 3387 1123 3448 Non
1146 3389 1235 3467 igitur

118 3478 254 3536 fortunae
274 3474 347 3535 illud
367 3476 577 3553 assignandum
601 3484 660 3537 est:
691 3476 744 3536 sed
767 3476 887 3556 quando
910 3474 989 3536 idenr
1008 3474 1123 3547 accidit,
1143 3496 1234 3556 quum

119 3561 250 3623 infinitae
270 3570 368 3622 tamen
390 3581 439 3622 res
458 3570 488 3624 11
506 3583 567 3624 non
589 3563 800 3624 determinatae
819 3563 887 3635 sint,
908 3561 1018 3642 poterit
1040 3561 1158 3640 quidem
1178 3565 1235 3627 ho·

121 3667 192 3710 num
212 3649 258 3710 vel
281 3649 390 3710 malum
420 3650 555 3723 evenire,
585 3652 637 3712 sed
666 3657 791 3730 propter
822 3669 978 3712 numerum
1002 3649 1150 3712 infinitum
1173 3672 1234 3714 non

121 3736 177 3797 erit
202 3736 324 3797 scientia
347 3735 434 3796 lruirrs
463 3745 601 3799 eventus:
632 3737 761 3818 alioquin
784 3737 888 3799 liceret
909 3737 1025 3798 discere
1055 3737 1233 3812 felicitatem,

73 3833 101 3876 ¹⁵
122 3831 152 3885 et
175 3831 276 3885 essent
297 3823 384 3884 etiam
408 3843 513 3885 omnes
532 3825 690 3896 scientiae,
713 3833 745 3885 ut
765 3826 904 3886 Socrates
927 3824 1058 3894 dicebat,
1080 3827 1235 3906 prosperi·

120 3918 205 3972 tates.
250 3909 386 3971 Attamen
407 3911 528 3989 cogitari
556 3919 670 3991 potest,
703 3911 769 3972 talia
800 3911 963 3972 identidem
983 3910 1126 3991 deinceps
1148 3911 1235 3975 alicui

120 3997 304 4075 contingere,
321 4005 382 4057 non
402 3998 469 4076 quia
489 3999 528 4059 ita
544 3999 607 4060 lieri
624 4018 746 4059 necesse
767 3997 814 4070 sit,
831 3998 884 4058 sed
904 3996 1154 4077 quemadmodum
1170 3999 1234 4061 fieri

119 4092 228 4166 potest,
253 4093 285 4145 ut
299 4084 406 4163 aliquis
422 4084 484 4145 alea
508 4104 628 4165 semper
647 4085 848 4164 prosperrima
871 4091 979 4145 utatur.
1024 4082 1101 4155 Quid
1122 4083 1236 4164 igitur?

118 4173 224 4234 Nonne
253 4171 379 4234 suntin
410 4172 508 4233 animo
539 4172 684 4252 impetus,
717 4170 766 4251 qui
798 4171 905 4251 partim
934 4171 970 4233 ab
1001 4169 1235 4246 ratiocinatione,

120 4259 228 4341 partim
249 4260 286 4322 ab
308 4259 491 4339 appetitione
515 4266 639 4340 experte
669 4257 790 4320 rationis
812 4253 960 4320 veniunt?
997 4276 1033 4319 ac
1057 4276 1159 4320 nonne
1180 4261 1236 4322 hae

73 4362 101 4407 11
119 4355 257 4429 tempore
278 4347 396 4428 priores
418 4343 512 4408 sunt?
543 4346 630 4419 Quod
654 4346 679 4406 si
700 4346 807 4408 natura
829 4352 875 4407 est
897 4345 947 4407 illa
966 4343 1120 4424 appetitio,
1148 4365 1236 4428 quarn

118 4442 217 4497 movet
240 4433 360 4498 iucundi
385 4433 547 4514 cupiditas,
571 4440 674 4495 natura
697 4433 773 4494 duce
792 4432 830 4494 ad
848 4432 962 4496 bonum
984 4431 1110 4495 tendant
1128 4434 1235 4498 omnia.

73 4533 107 4579 th.
128 4533 184 4579 Eud.
1044 4537 1086 4599 22
