2776 4836
159 260 258 306 xvru
301 293 304 298 .

247 415 279 483 6.
312 419 353 480 66
383 416 562 495 Physicis
586 413 746 476 Eudemi
767 413 907 475 Rhodii
933 412 1002 473 satis
1024 421 1154 479 constat.
1197 416 1349 496 Nam'pu·

158 527 248 587 saepe
269 504 437 585 Simplicius
467 503 498 564 in
519 502 639 563 Aristot.
661 497 801 579 Phys.³³)
830 501 939 563 horum
963 518 1024 562 non
1052 500 1249 565 mentionem
1271 503 1349 565 solu

159 594 236 666 lecit,
259 593 311 655 sed
331 592 421 654 verba
442 591 530 652 etiam
545 590 609 669 ipsa
625 590 710 651 allert
720 584 771 665 ³⁸).
814 587 896 660 Quae
917 605 1008 666 quum
1028 586 1180 650 scriberet
1203 589 1349 659 hodene

75 677 79 686 ’
158 701 245 761 quam
269 679 426 758 diligenter
447 676 613 740 Aristotelis
634 675 825 754 Physicorum
848 673 993 734 rationem
1015 673 1171 746 hahuerit,
1197 694 1237 738 ex
1261 695 1297 740 eo
1316 674 1349 737 ir

158 768 314 846 lethglen,
347 765 427 846 qnod
453 784 488 826 er
508 763 714 842 Theophrasto
738 781 793 841 per
815 761 927 846 litteras
949 759 1069 841 petivit,
1096 768 1129 821 ut
1150 760 1214 825 sihi
1237 780 1349 843 apogre

158 856 250 934 phum
266 852 460 932 Physicorum
482 849 647 911 Aristotelis
665 849 797 910 mitteret
817 855 953 911 accurate
972 847 1176 927 descriptum,
1204 850 1277 930 quia
1295 848 1349 930 ,οδ

156 941 213 1003 hus
239 940 304 1019 ipse
331 945 466 998 uteretur
498 935 640 1015 exemplis
670 935 736 996 lihri
761 934 855 1015 quinti
884 934 1076 1013 Physicorum
1103 933 1298 1009 Aristotelis,
1325 953 1350 997 et

156 1025 307 1106 inquinata
335 1031 437 1085 essent
457 1023 574 1085 mendis
597 1021 784 1083 librariorum
797 1018 848 1100 39).
889 1020 984 1101 Atque
1007 1027 1087 1083 tanta
1108 1020 1272 1087 Eudemus
1291 1023 1350 1087 relt-

157 1112 244 1190 gione
261 1111 434 1189 magistrum
456 1111 487 1171 in
509 1109 640 1189 Physicis
663 1117 782 1171 secutus
804 1115 858 1181 est,
878 1116 1016 1187 tantaque
1039 1107 1101 1169 eius
1123 1107 1154 1169 in
1177 1110 1277 1173 rebus
1299 1110 1350 1173 s'fflv

157 1197 232 1276 gulis
253 1198 308 1259 luit
329 1197 494 1270 accuratio,
523 1204 556 1259 ut
575 1196 756 1276 posteriores
778 1194 1022 1257 Aristoteleorum
1043 1193 1245 1273 physicorum
1267 1197 1351 1261 inter

156 1291 257 1363 pretes
283 1303 344 1346 non
371 1285 468 1345 solum
496 1284 533 1345 ad
555 1282 716 1344 sententias
746 1282 792 1342 vel
820 1285 943 1361 phrases
964 1281 1129 1344 Aristotelis
1153 1283 1350 1363 explicandu.

156 1371 211 1432 sed
237 1370 322 1431 etiem
349 1370 387 1431 ad
415 1371 574 1432 verborum
602 1370 786 1448 singulorum
817 1370 951 1448 pondera
984 1367 1177 1430 examinando
1207 1371 1351 1452 verbaque

156 1457 312 1536 scriptoris
338 1464 419 1518 recte
445 1457 656 1518 conformanda
682 1462 838 1517 uterentur
855 1455 986 1534 Physicis
1009 1455 1134 1519 Eudemi
1145 1452 1201 1534 I⁰),
1251 1457 1351 1538 Atqui

155 1552 317 1625 propterea
340 1543 412 1604 nihil
441 1543 520 1604 aliud
541 1542 599 1604 nisi
620 1542 831 1622 pedissequum
854 1542 1002 1622 quendam
1020 1549 1070 1604 aut
1092 1541 1149 1602 vile
1170 1544 1352 1626 mancipium

153 1630 305 1694 Aristoteli
327 1631 476 1692 addictum
497 1638 527 1691 et
548 1630 746 1708 mancipatum
765 1629 930 1691 Eudemum
953 1628 1044 1690 luisse
1071 1628 1275 1704 existimaret,
1303 1650 1352 1696 ια

154 1718 205 1781 ille
228 1720 419 1781 vehementer
441 1725 563 1788 erraret,
582 1725 670 1796 etque
693 1715 930 1796 Theophrastum
952 1734 1070 1795 quoque
1087 1715 1194 1776 eodem
1215 1718 1352 1781 damnare

150 1806 277 1868 crimine
297 1801 481 1885 deberet⁴¹).
526 1804 598 1866 Nem
619 1822 711 1882 quum
729 1809 904 1883 sequeretur
914 1799 956 1881 ⁴²)
978 1801 1168 1862 Aristotelem
1183 1801 1218 1865 in
1236 1805 1352 1869 unirer·

172 1983 174 1988 ’
190 1988 237 2054 37)
267 1990 415 2055 Simplicius
437 1991 462 2040 in
487 1991 568 2041 Arist.
590 1989 667 2057 Phys.
692 1989 736 2040 lul.
767 1988 859 2041 librum
875 1986 951 2055 Phys.
967 1987 1117 2068 septimun)
1133 1989 1191 2045 τοῖς
1209 1984 1290 2048 ὅλοις
1307 1990 1352 2059 [lta

154 2055 233 2121 12,1ι
258 2057 304 2106 καὶ
330 2055 362 2107 τὰ
384 2059 410 2106 E
420 2053 561 2125 ὐδὴμου
590 2060 649 2109 τοῦ
671 2052 738 2108 ‘Pu-
766 2057 899 2121 legendnm
921 2073 967 2124 pro
983 2053 1056 2126 ὅλης)
1078 2052 1180 2122 σχεδὸν
1198 2057 1248 2121 τῆς
1266 2076 1352 2129 προς·

154 2125 239 2175 δίου
261 2121 331 2189 πρὸς
348 2117 450 2187 ταύτην
466 2142 516 2192 μοι
534 2125 613 2176 δοκεῖ
629 2123 678 2189 τὴν
696 2125 738 2175 ἕν·
764 2126 877 2192 potstas
887 2125 1047 2191 κεφαλαίοις
1057 2116 1263 2192 ἀκολουθήσας,
1273 2128 1351 2185 τοῦτο

156 2207 236 2241 νοιαν
251 2195 394 2257 φέρεσθαι,
407 2191 462 2258 ἔχει
482 2191 513 2242 δὲ
527 2188 627 2250 οὕτως·
650 2195 691 2256 „si
706 2191 736 2243 δὲ
766 2189 915 2258 παρελθὼν
933 2187 968 2250 δς
985 2186 1122 2262 περιττόν,
1144 2190 1192 2244 nn
1211 2191 1246 2244 τὰ
1268 2193 1302 2246 έν
1318 2195 1351 2261 τῷ

153 2258 229 2311 ἔστιν
247 2255 402 2323 ἐναντιότης
420 2261 499 2310 url.“
766 2263 908 2325 τελευταίῳ
933 2261 1027 2326 βιβλίῳ
1057 2253 1195 2329 κεφάλαια
1222 2263 1351 2329 meritive.

186 2329 234 2396 38)
268 2327 333 2379 Vide
361 2329 469 2379 indicem
498 2330 563 2394 opud
590 2329 735 2378 Fabricium
765 2330 838 2394 Quod
867 2329 930 2378 dicit
954 2329 1072 2380 Zellerns
1099 2331 1123 2379 in
1144 2330 1162 2380 l.
1188 2332 1233 2382 dic
1253 2333 1350 2384 Philus.

153 2397 218 2450 Bihl.
238 2396 283 2447 Gr.
304 2397 357 2448 vol.
379 2396 415 2447 lX
435 2414 459 2462 p.
482 2399 530 2448 536
553 2398 624 2448 llarl.
763 2401 812 2451 der
831 2398 959 2450 Griechcn
981 2397 1002 2448 ll
1021 2415 1046 2464 p.
1063 2398 1112 2449 566
1131 2401 1288 2463 „Eruimus
1307 2401 1351 2453 Iul

154 2517 158 2524 ,
186 2465 232 2527 36)
254 2464 319 2516 Vidc
340 2465 497 2531 Simplicium
517 2467 543 2516 in
560 2467 639 2518 Arist.
659 2465 734 2532 Phys.
763 2467 818 2518 sloh
845 2496 878 2507 -
903 2468 1025 2533 qitrrzliclt
1048 2469 1102 2532 uuf
1127 2469 1169 2523 un
1196 2469 1350 2536 mettense

151 2531 197 2586 lul.
216 2533 277 2596 216,
296 2549 327 2584 u:
347 2534 518 2598 Brundisium,
538 2535 620 2589 rhein.
642 2533 734 2586 Musl
763 2537 847 2587 seinos
873 2535 985 2589 Lrhrers
1014 2535 1183 2600 heschritukt,
1218 2536 1286 2590 6666
1311 2541 1350 2595 ‹lt's

153 2617 176 2665 p.
195 2602 261 2654 245.Ι
281 2601 421 2665 Stnhrinm,
443 2604 578 2656 Aristotel.
597 2602 619 2653 ll
638 2619 662 2667 p.
675 2602 733 2654 189.
765 2605 946 2669 Gruudlupen,
962 2605 998 2671 ju
1011 2605 1070 2669 fust
1081 2603 1145 2656 6166
1155 2606 1197 2656 dir
1206 2607 1350 2658 Resultnts

185 2670 231 2733 46)
251 2668 304 2719 Clr.
325 2670 471 2736 Simplicius
492 2670 568 2737 Phys.
588 2672 632 2721 1οΙ.
650 2671 689 2733 18,
708 2671 732 2721 6.
762 2674 848 2723 selures
877 2675 994 2737 Hystanes
1024 2675 1095 2724 cinca·
1128 2671 1349 2742 selbststr'r'ndr'yet

151 2736 197 2788 lul.
221 2737 261 2799 16,
283 2753 308 2791 s.
340 2738 384 2788 lol.
405 2739 455 2803 21,
477 2755 501 2792 ιι.
520 2740 545 2789 b.
579 2740 622 2789 lul.
643 2739 686 2802 26,
710 2755 733 2792 c.
763 2741 883 2805 Prity'unp
906 2757 942 2791 zu
965 2740 1174 2806 uetcrwerseu“,
1202 2741 1228 2790 id
1256 2741 1348 2800 fulsum

152 2804 197 2861 lul.
216 2806 257 2868 99,
279 2822 303 2855 e.
325 2805 369 2857 lcl.
383 2806 442 2868 122,
462 2823 487 2858 6.
510 2807 555 2858 161.
569 2807 628 2872 261,
643 2822 666 2857 o.
687 2806 732 2856 lot.
762 2813 810 2856 cst.
830 2805 945 2869 ,Probori
967 2810 1033 2858 hunc
1051 2809 1204 2859 sententium
1224 2809 1346 2863 Zellcrus

150 2872 210 2938 217,
237 2889 261 2936 u.
292 2874 336 2924 lul.
358 2874 419 2936 217,
439 2875 463 2925 b.
489 2875 532 2928 161.
553 2877 613 2939 226,
634 2892 657 2924 o.
687 2875 731 2926 161.
762 2874 825 2924 dicit
849 2876 935 2926 verbis
961 2876 1086 2943 Simplicii
1106 2875 1182 2943 Phys.
1205 2875 1252 2928 161.
1271 2880 1346 2943 26,ι

149 2941 210 3007 231,
231 2942 256 2992 h.
284 2943 328 2993 lul.
347 2943 408 3007 276,
429 2959 453 2995 6.
485 2944 529 2994 161.
552 2944 609 3008 126,
629 2945 654 2993 6.
688 2944 732 2994 161.
761 2943 821 3012 (καὶ
845 2936 859 2993 ὁ
890 2937 1018 3012 Εὔδημος
1047 2943 1078 2995 δὲ
1108 2945 1144 3008 τῷ
1170 2941 1346 3009 Ἀριστοτέλει

151 3010 210 3069 121,
230 3011 254 3060 b.
286 3011 329 3062 161.
353 3012 410 3076 124,
430 3028 455 3062 a.
485 3013 528 3063 161.
550 3013 608 3076 138,
628 3015 653 3063 1).
676 3013 733 3078 173,
760 3005 853 3062 πάντα
872 3012 1089 3064 κατακολουθῶν
1110 3012 1157 3062 τοῦ
1176 3008 1249 3080 ὅπερ
1269 3011 1347 3074 ὄντος

150 3095 175 3129 a.
195 3080 238 3133 lol.
259 3080 317 3145 178,
338 3081 362 3136 h.
390 3082 539 3132 Brundisius
559 3083 576 3132 1.
596 3083 612 3135 l.
632 3099 655 3149 p.
670 3082 730 3148 283,
760 3079 864 3140 ἐκεῖνος
886 3078 937 3133 οὐκ
965 3077 1081 3145 ἤκουσεν
1106 3075 1141 3139 ὡς
1172 3082 1282 3147 γένους.
1318 3083 1345 3137 έν

150 3154 203 3198 not.
223 3149 265 3203 64.
759 3151 829 3216 γοῦν
855 3150 891 3216 τῷ
914 3143 1014 3220 πρώτῳ
1041 3150 1097 3200 τῶν
1123 3150 1258 3210 Φυσικῶν
1284 3154 1345 3220 nepl

183 3217 227 3281 41)
252 3216 307 3269 Non
335 3219 424 3269 inutile
444 3220 495 3269 erit
516 3219 730 3282 animadvertere,
759 3217 939 3304 Παρμενίδου
971 3220 1059 3286 λέγων
1084 3219 1166 3271 ταῦτα
1202 3220 1345 3290 γέγραφεν

149 3285 180 3334 de
199 3285 377 3351 Theophrasto
397 3303 462 3351 qoue
482 3288 551 3336 dicat
569 3287 691 3336 Boethius
706 3288 730 3336 in
760 3281 795 3368 ⁰35
813 3281 1100 3354 Αλέξανδρόςφησιν.
1136 3282 1191 3353 1γώ
1218 3286 1275 3358 γὰρ
1295 3288 1344 3371 οὐχ

148 3353 295 3402 Aristotelis
328 3354 419 3403 librum
459 3355 489 3403 de
517 3355 730 3418 interpretatione
759 3369 840 3419 ευρον
858 3353 889 3405 έν
914 3355 950 3420 τῷ
968 3352 1102 3426 Εὐδημίῳ
1120 3352 1169 3418 τὴν
1191 3355 1267 3414 λέξιν
1285 3377 1345 3414 ταν·

149 3420 211 3467 cdit.
239 3423 351 3468 secunde
377 3435 400 3483 p.
420 3421 472 3473 262
490 3421 530 3468 ed.
553 3421 728 3471 8661111676.
759 3437 815 3481 την.
845 3418 875 3473 τὸ
892 3421 947 3490 μέν
966 3413 1018 3474 cit
1041 3420 1138 3475 κοινὸν
1156 3424 1225 3489 κτλ.)
1254 3435 1282 3481 et
1300 3429 1344 3481 lot.

149 3483 350 3548 Theophrastus,
363 3493 391 3534 ut
404 3487 429 3535 in
446 3488 503 3535 aliis
518 3486 592 3545 solet,
608 3503 683 3552 qumn
700 3489 730 3536 de
757 3489 817 3554 276,
832 3506 846 3540 u
867 3492 927 3556 (καὶ
945 3486 961 3544 ὅ
980 3509 1012 3559 γε
1030 3488 1171 3562 Εὔδημος,
1191 3490 1343 3565 ααραφρά·

148 3551 274 3600 similibus
301 3555 378 3602 robus
403 3559 514 3616 troctot,
542 3570 608 3619 tynae
629 3556 730 3605 scilicet
759 3557 810 3616 ζων
837 3557 939 3625 σχεδὸν
965 3562 1012 3610 καὶ
1031 3558 1113 3619 αὐτὸς
1138 3559 1170 3611 τὰ
1195 3557 1343 3626 Ἀριστοτέ-

149 3619 327 3669 uhAristotelc
341 3626 537 3699 entctractatac
550 3631 618 3684 sunt,
628 3623 652 3674 iu
666 3624 729 3674 libro
758 3625 831 3691 λους,
850 3631 940 3692 τίθησι
951 3631 1032 3695 κτλ).
1056 3631 1208 3695 Atutroquc
1224 3631 1343 3687 1666666

147 3688 729 3826 :thltlllll''tlttdttffltltth
758 3695 985 3827 numm.
1002 3697 1342 3823 tristissime:

147 3824 193 3875 lroc
218 3824 285 3875 llhru
307 3825 463 3876 Aristotcles
488 3842 552 3877 rusus
572 3836 620 3878 cst.
661 3827 728 3879 ldem
757 3830 931 3895 Aristotelem,
945 3830 1090 3893 Simplicius
1103 3827 1225 3907 loquitur.
1245 3831 1342 3891 (lotifer

146 3890 520 4012 lhllhll⁰999th
545 3894 729 4015 llllllllt
757 3898 825 4015 111
828 3899 935 4014 Pell·
949 3889 1087 4015 31331
1105 3895 1132 4012 1
1135 3887 1246 4028 peppo
1255 3897 1299 4022 1.
1308 3907 1342 3972 ‘l

147 4031 223 4094 cuim,
245 4031 275 4080 de
297 4030 388 4095 quihus
402 4029 456 4094 ipse
475 4030 588 4095 disputat
606 4038 663 4096 post
676 4048 728 4082 mu-
756 3981 829 4081 dosiss
848 4035 904 4091 τοῖς
925 4028 1046 4084 ἐνταῦθα
1061 3992 1342 4104 λεγομένοις-ὠ)

146 4098 262 4160 gistrum,
283 4100 376 4148 leviter
393 4113 423 4149 ca
437 4099 529 4160 tangit,
551 4114 616 4163 quur
630 4099 661 4148 nh
672 4099 728 4150 Ari·
756 4099 813 4151 κτλ.
851 4099 923 4164 Quod
947 4105 1083 4166 praeterea
1111 4101 1175 4151 dicit
1202 4101 1339 4167 Zellerps:

131 4166 239 4215 ·stotele
259 4168 328 4216 dicta
348 4173 407 4216 aute
427 4166 561 4229 cognovit,
583 4167 648 4218 olias
667 4182 728 4217 vcro
755 4169 847 4232 „dices
867 4167 942 4221 sciren
961 4169 1013 4219 wir
1027 4185 1075 4221 nus
1093 4173 1337 4230 derllludemiscteu

146 4231 294 4292 diligentins
316 4251 356 4285 res
370 4251 418 4285 non
435 4235 467 4286 ah
477 4234 617 4286 Aristotele
632 4242 728 4286 tructu-
755 4235 864 4300 utttt,“
884 4236 908 4286 id
928 4251 1003 4303 quan
1025 4245 1121 4295 rectum
1141 4239 1184 4301 sit,
1205 4239 1272 4294 inlra
1294 4260 1339 4312 sp·

145 4304 185 4347 tas
207 4303 353 4364 exequitur.
756 4303 866 4369 parebit.
889 4304 985 4356 Contra
1004 4304 1140 4370 Weissius,
1161 4307 1204 4373 qui
1221 4309 1261 4358 vir
1273 4315 1338 4371 mul·

178 4366 225 4429 42)
253 4367 400 4433 Simplicius
420 4370 495 4437 Phys.
517 4370 627 4425 161245
647 4367 727 4421 καὶὸ
755 4378 807 4423 turn
827 4371 936 4439 Physica
963 4375 1009 4428 illu
1027 4377 1170 4440 volutavit,
1196 4377 1283 4429 multis
1311 4383 1336 4433 in

144 4449 175 4502 ys
200 4428 332 4504 Εὔδημος
357 4437 437 4506 μέχρι
466 4437 546 4490 τοῦδε
576 4442 668 4506 (usque
695 4440 726 4491 ad
755 4440 831 4492 rebus
850 4440 989 4498 Eudemum
1017 4445 1049 4497 oh
1072 4444 1211 4499 Aristotele
1238 4445 1337 4501 dissco-
