2776 4836
593 211 704 294 lib.
727 214 770 292 ,6.
1208 211 1287 301 m

73 412 128 472 Ι.
137 419 277 472 somnos
290 410 357 471 fare
371 408 516 472 inclinant
531 408 640 489 magis:
660 408 741 472 unde
757 414 786 471 et
804 407 849 471 ira
863 405 1033 471 adveniam
1050 406 1178 474 dandam
1191 409 1287 475 baud·

162 513 314 579 quaquam
332 497 472 578 proclivis
495 505 549 559 est.

123 598 147 642 s
257 585 453 664 Posteaquam
474 585 564 664 igitur
585 584 704 648 babitus
725 581 891 645 seeundum
911 581 1041 662 singulas
1064 582 1234 664 passiones,
1256 592 1286 646 et

167 680 316 753 quatenus
331 681 407 733 sunt
425 690 565 735 excessus
583 679 613 733 ot
628 679 773 751 quatenus
791 678 862 732 sunt
883 670 1026 744 delectus,
1050 670 1284 750 percensuimus,

165 760 300 838 itemque
318 759 436 823 babitus
455 759 644 840 passionibus
665 759 722 820 illis
745 757 920 830 contrarios,
939 776 1015 836 quos
1035 764 1142 838 parant
1156 757 1212 820 sibi
1229 760 1286 820 bo·

76 870 79 877 ·
167 847 267 909 mines
286 853 387 907 rectae
409 847 515 909 rationi
539 848 739 926 obsequentes
760 845 844 925 (quid
866 852 965 906 autem
983 845 1030 907 sid
1051 852 1133 909 reeta
1151 844 1236 919 ratio,
1256 854 1287 909 ct

166 936 201 997 in
222 951 310 1014 mam
332 937 468 997 normam
484 935 651 1007 intuentes,
675 933 806 995 medium
828 941 857 995 et
878 931 1007 994 cilicium
1031 932 1211 995 constituere
1233 934 1286 995 dc-

167 1023 309 1095 lieamus,
333 1022 483 1101 posterius
509 1020 794 1101 considerabimus):
829 1027 955 1101 apparet
976 1039 1082 1082 omnes
1102 1019 1230 1085 morales
1256 1028 1286 1082 et

114 1121 151 1167 ao
168 1109 294 1170 virentes
318 1116 348 1168 et
370 1109 530 1189 pravitates
551 1110 589 1171 ad
611 1109 795 1188 voluptatum
811 1109 1008 1186 dolorumque
1029 1125 1168 1171 excessus
1186 1115 1216 1169 et
1233 1108 1285 1169 de-

168 1197 265 1258 lectus
294 1196 465 1276 pertinere,
494 1197 721 1276 voluptatesque
743 1203 774 1258 et
796 1194 916 1257 dolores
938 1213 974 1257 ox
1000 1195 1035 1257 iis
1061 1214 1136 1274 quos
1160 1195 1285 1260 dumus

169 1282 319 1345 habitibus
339 1282 414 1346 lieri.
466 1284 574 1347 Verum
597 1283 726 1364 optimus
748 1282 865 1345 babitus
889 1283 914 1344 is
945 1289 1007 1356 est,
1039 1282 1089 1361 qui
1110 1284 1141 1346 iu
1161 1284 1284 1362 singulis

168 1370 285 1433 medius
308 1377 362 1432 est.
401 1371 502 1451 ltaque
522 1371 711 1434 manifestum
732 1379 776 1432 est
794 1370 916 1433 virurtcs
939 1377 990 1433 aut
1004 1389 1110 1434 omues
1130 1378 1182 1434 aut
1197 1389 1285 1450 quas·

170 1458 239 1519 dam
260 1465 342 1519 certo
363 1459 433 1520 ‘sitas
456 1479 522 1521 esse
541 1461 572 1522 in
593 1459 807 1521 mediocritate.

78 1533 100 1605 6
122 1555 152 1601 aa
258 1545 416 1608 Sumamus
443 1546 533 1627 igitur
554 1547 634 1609 aliud
655 1546 835 1628 principium
862 1546 1072 1627 consequentis
1093 1546 1284 1626 quaestionis.

167 1631 311 1694 Nimirum
334 1645 438 1696 omnes
460 1634 641 1697 substantiae
659 1637 765 1696 natura
787 1634 933 1714 principia
954 1634 1099 1714 quaedam
1119 1642 1207 1697 sunt:
1227 1654 1284 1715 qua

168 1719 208 1781 de
227 1738 316 1780 causa
338 1740 532 1803 unaquaeque
553 1722 645 1783 multa
664 1730 765 1803 potest
786 1723 833 1784 sui
854 1721 973 1800 generis
995 1722 1127 1800 gignere,
1144 1728 1178 1786 ut
1192 1722 1283 1784 homo

167 1806 304 1869 homiues
322 1816 353 1870 et
368 1810 488 1872 omuino
510 1810 617 1877 animal
632 1810 767 1872 animalia
784 1810 959 1889 plantasque
976 1808 1085 1888 planto.
1116 1809 1177 1872 Sed
1193 1811 1283 1872 bomo

168 1901 325 1974 praeterea
348 1897 496 1961 actionum
520 1916 637 1977 quoque
656 1897 849 1977 quarumdam
869 1895 1049 1976 principium
1072 1904 1118 1958 est
1133 1896 1230 1959 solum
1248 1916 1284 1959 er

123 1988 152 2035 ²1
170 1981 309 2043 omnibus
338 1984 552 2058 animantibus:
582 2002 651 2046 nam
673 2001 762 2065 agere
786 1982 969 2063 reliquorum
995 1983 1188 2047 animantium
1211 1984 1284 2046 dici·

167 2084 235 2130 mus
257 2069 381 2130 nullum.
437 2071 519 2145 Quae
548 2079 646 2134 autem
664 2069 823 2151 principia
851 2070 996 2132 eiusmodi
1017 2077 1103 2145 sunt,
1137 2071 1283 2151 aquibus

170 2173 257 2216 causa
277 2156 443 2220 motionum
465 2160 686 2239 proficiscatur,
716 2159 792 2221 baec
812 2158 936 2238 proprie
959 2157 1105 2239 principia
1127 2158 1282 2223 dicuntur:

168 2261 227 2323 quo
255 2243 375 2322 quidem
405 2247 526 2315 nomine
557 2265 591 2308 ea
616 2245 787 2325 dignissima
813 2251 899 2318 sunt,
933 2263 950 2306 a
977 2245 1084 2326 quibus
1104 2246 1190 2307 aliter
1211 2246 1283 2309 nibil

168 2337 257 2410 queat
277 2333 420 2410 produci:
443 2333 608 2397 cuiusmodi
626 2332 772 2414 principia
789 2333 845 2394 deo
868 2332 1046 2412 assignanda
1062 2333 1208 2396 ridentur.
1248 2333 1283 2395 ln
1316 2337 1320 2347 '

165 2416 368 2481 immobilibus
391 2428 488 2482 autom
508 2421 680 2501 principiis,
704 2428 738 2481 ut
758 2421 789 2481 in
812 2419 1034 2493 mathematicis,
1058 2439 1120 2485 nnn
1143 2430 1188 2483 cst
1209 2439 1283 2501 pro·

121 2515 150 2559 2³
169 2505 236 2585 prie
261 2506 451 2587 principium,
482 2527 657 2589 quamquam
681 2507 872 2570 similitudino
903 2508 1029 2588 quadam
1059 2508 1181 2573 dour:
1214 2527 1283 2571 nam

165 2592 208 2654 ibi
227 2601 310 2654 moto
332 2594 491 2675 principio,
512 2595 627 2668 omnia,
650 2614 725 2674 quae
749 2595 1007 2668 demonstrantur,
1027 2605 1193 2659 mutantur:
1216 2595 1283 2676 ipsa

166 2688 284 2753 autern,
304 2680 397 2743 altero
417 2701 473 2762 per
491 2682 617 2744 alterurn
638 2683 773 2756 sublato,
794 2701 856 2745 non
874 2690 989 2745 mutant
1007 2701 1091 2757 sese,
1114 2683 1171 2745 nisi
1191 2702 1283 2762 quum

167 2767 335 2847 suppositio
367 2778 397 2830 et
426 2769 638 2831 demonstratio
661 2770 697 2831 ab
717 2771 774 2831 hac
795 2771 925 2849 petenda
948 2769 1071 2831 tollitur.
1110 2770 1170 2832 Sed
1191 2771 1281 2832 bomo

160 2854 327 2916 motionum
357 2857 552 2936 quarumdam
584 2856 764 2937 principium
799 2864 859 2918 est:
897 2875 966 2919 nam
999 2856 1075 2917 actio
1103 2865 1152 2918 'est
1179 2857 1281 2919 motio.

120 2952 150 2999 ao
170 2942 317 3016 Quoniam
339 2951 439 3007 autem
458 2944 654 3024 principium,
676 2943 762 3006 sicuti
785 2945 816 3005 in
834 2943 964 3023 reliquis,
989 2960 1076 3005 causa
1098 2961 1202 3005 eorum
1226 2952 1280 3018 est,

167 3046 243 3108 qnae
263 3047 319 3109 per
338 3031 397 3093 hoo
416 3039 488 3093 sunt
513 3039 564 3093 aut
582 3031 674 3103 fiunt,
706 3031 744 3093 de
765 3030 811 3092 his
828 3031 884 3102 ita,
907 3037 938 3091 ut
960 3029 998 3091 de
1021 3029 1282 3093 demonstrationi·

166 3117 240 3188 bus,
269 3120 459 3180 statuendum
483 3126 537 3180 cst.
585 3119 616 3180 Si
638 3117 734 3190 enim,
765 3136 856 3197 quum
879 3116 1058 3194 triangulum
1082 3117 1157 3180 duos
1181 3125 1281 3180 rectos

164 3203 289 3278 habeat,
320 3207 496 3284 quadratum
519 3214 646 3286 quatuor
666 3213 765 3267 rectos
792 3205 903 3268 habere
926 3221 1050 3266 necesse
1069 3211 1130 3276 est,
1156 3214 1282 3285 apparet

165 3309 284 3354 causam
304 3311 370 3354 esse
387 3295 474 3366 banc,
498 3295 579 3374 quod
598 3295 673 3355 duos
694 3300 793 3355 rectos
810 3292 900 3355 babet
920 3290 1109 3370 triangulum.
1150 3292 1237 3365 Quod
1256 3293 1281 3353 si

119 3387 149 3435 aa
165 3385 298 3440 mutetur
320 3381 516 3460 triangulum,
539 3381 715 3462 quadratum
737 3398 855 3460 quoque
874 3385 1005 3442 mutetur
1026 3397 1151 3443 necesse
1172 3387 1227 3452 est,
1249 3388 1282 3441 ut

165 3467 192 3528 si
213 3472 275 3528 tres
291 3475 391 3531 rootos
409 3470 517 3531 babeat
532 3468 721 3546 tmaugulum,
744 3485 796 3529 sex
812 3467 920 3529 babeat
941 3465 1125 3546 quadratum,
1144 3465 1190 3530 sin
1207 3467 1281 3529 illud

166 3561 309 3632 quotuor,
338 3555 397 3617 boc
419 3557 526 3618 babeat
546 3563 631 3617 octo:
660 3554 706 3617 sin
732 3561 830 3617 autem
855 3572 918 3616 nou
939 3560 1071 3617 mutetur
1091 3555 1280 3634 triangulum,

164 3641 219 3701 sed
239 3641 297 3703 tals
321 3650 367 3704 est
385 3645 472 3722 quale
495 3650 549 3716 est,
573 3642 749 3723 quadratum
767 3660 886 3723 quoque
906 3659 1032 3706 necesse
1055 3650 1101 3704 est
1122 3643 1180 3704 tale
1204 3661 1280 3716 esse,

165 3727 252 3807 quale
282 3736 335 3790 est
380 3730 555 3792 Necessario
580 3737 678 3791 autem
704 3729 752 3802 id,
788 3729 868 3808 quod
896 3730 1103 3794 demonstrare
1133 3730 1279 3804 volumus,

165 3814 302 3888 evenire,
324 3824 407 3897 patet
430 3837 466 3879 ex
486 3817 660 3897 dnalyticis:
693 3818 746 3878 sed
764 3817 823 3879 hoc
843 3817 909 3879 loco
933 3836 1031 3897 neque
1053 3817 1143 3898 plane
1161 3817 1279 3881 silentio

163 3919 228 3962 rem
251 3904 506 3982 praetermittere,
537 3922 635 3984 neque
658 3904 744 3984 plura
763 3904 899 3966 subtilius
919 3905 955 3966 de
980 3923 1015 3967 oa
1032 3905 1183 3984 disputare
1201 3903 1279 3965 licet.

164 3989 263 4061 Quare
290 3991 365 4052 baec
391 3991 546 4053 sufficiant.
598 3991 718 4053 Scilicet
747 3991 773 4053 si
801 3991 881 4055 nulla
911 3991 965 4054 alia
991 4007 1079 4053 causa
1101 3998 1148 4052 est
1165 4008 1219 4053 our
1240 3990 1280 4054 ita

118 4089 146 4135 so
164 4093 200 4136 sa
219 4077 327 4139 babeat
347 4078 538 4158 triangulum,
559 4079 590 4141 id
610 4079 710 4159 ipsum
731 4077 911 4160 principium
933 4086 964 4140 ot
980 4095 1070 4141 causa
1084 4084 1130 4139 eat
1150 4095 1280 4156 sequen·

156 4163 239 4226 lirun.
286 4165 389 4246 ltaque
409 4168 434 4229 si
456 4185 531 4247 quae
555 4174 678 4229 naturae
703 4172 774 4227 sunt
795 4165 887 4238 tales,
917 4171 951 4228 ut
974 4182 1009 4226 sc
1031 4163 1149 4246 possint
1167 4164 1279 4229 habers

164 4250 252 4312 edam
280 4253 443 4326 contrarie,
480 4255 588 4316 horum
616 4252 762 4334 principia
799 4270 917 4333 quoque
955 4251 1021 4315 talia
1050 4270 1116 4314 esse
1154 4269 1279 4315 neeesse

73 4345 231 4403 meut-
254 4339 328 4402 Nam
347 4360 384 4403 ox
413 4341 588 4404 necessariis
608 4356 795 4420 consequens
818 4347 865 4424 cst
886 4338 1102 4403 necessarium:
1128 4356 1204 4418 quae
1226 4357 1280 4402 au·

161 4432 223 4488 tem
245 4444 264 4488 a
283 4427 439 4511 principiis
460 4428 650 4493 mutabilibus
674 4428 767 4501 bunt,
796 4445 831 4490 ea
853 4433 980 4510 possunt
1002 4426 1090 4492 otiam
1115 4426 1180 4492 tisri
1206 4444 1280 4492 con·
