2776 4836
149 233 211 326 Χ*

150 410 187 473 de
211 407 292 471 omni
311 425 414 470 eorum
438 404 618 479 differentia,
648 404 791 484 quaedam
815 402 986 485 scripsisse,
1012 420 1104 482 eaque
1125 401 1254 484 hpuleio
1278 409 1345 465 uota

148 497 250 568 luisse,
273 510 333 557 non
352 494 480 557 absurde
500 487 766 571 concludimus⁴⁷).
812 491 873 553 Sed
890 497 990 552 utrum
1008 489 1159 553 Eudemus
1178 490 1240 563 ille,
1262 488 1343 551 cuius

150 584 187 645 de
212 582 385 644 animalibus
406 582 483 643 lihro
501 579 640 642 hehauus
661 597 731 641 usus
752 585 813 651 est,
845 577 979 640 diversus
1000 577 1037 639 ah
1059 577 1193 639 Eudemo
1215 576 1344 648 Rhodio,

148 689 186 739 an
207 670 285 731 idem
302 689 369 733 cum
391 670 449 730 hoc
470 667 567 740 inerit,
590 668 649 729 hoc
671 685 750 745 ego,
765 665 904 745 quoniam
920 664 1058 726 hariolari
1074 664 1159 737 nolo,
1182 669 1247 725 non
1271 662 1345 725 diiu-

149 752 276 834 dico⁴⁸h
320 755 422 837 Neque
442 763 556 817 tantum
583 753 653 816 mihi
674 771 760 814 sumo
786 759 819 814 ut
840 752 1024 833 exploratum
1047 751 1117 813 mihi
1147 769 1214 812 esse
1240 750 1345 823 dicam,

148 843 213 924 quis
242 842 293 904 ille
315 843 465 904 Eudemus
485 841 592 913 luerit,
619 839 702 902 cuius
719 834 940 917 Eustathius⁴⁹)
959 837 1006 899 vel
1031 846 1134 901 auctor
1160 837 1345 899 scholiorum

147 924 428 1007 llomericorum⁵⁰)
447 928 629 991 mentionem
647 926 732 988 iacit:
753 925 986 1006 quorumverhis
1006 924 1165 1004 significari
1176 923 1345 986 Eudemum

147 1015 305 1095 quendam,
321 1014 373 1095 qni
389 1014 495 1077 alicubi
511 1015 599 1077 verba
619 1013 689 1075 lecit
704 1013 741 1074 de
759 1012 892 1094 partibus
910 1012 1045 1093 corporis
1060 1011 1189 1083 humani,
1208 1019 1345 1091 apparet

145 1101 183 1162 Et
213 1119 303 1180 quum
333 1101 423 1163 modo
448 1102 600 1164 nominato
631 1100 758 1162 Eudemo
788 1099 947 1177 subiungat
974 1094 1196 1176 Eusutniosffl)
1233 1116 1346 1160 nomeu

146 1186 327 1258 Aristotelis,
359 1188 396 1249 de
418 1188 550 1250 Eudemo
572 1186 689 1249 Rhodio
712 1205 771 1266 quo
800 1184 898 1248 minus
925 1186 1036 1266 cogites
1060 1204 1149 1248 nemo
1179 1192 1209 1246 te
1233 1183 1347 1264 poterit

145 1273 317 1354 prohibere.
370 1274 408 1335 ht
432 1275 600 1359 recorderis
622 1273 708 1335 simol
730 1272 834 1345 velim,
853 1275 892 1335 mi
912 1272 1036 1337 candide
1058 1273 1169 1343 lector,
1192 1269 1345 1333 nobilissi-

145 1379 227 1421 mum
248 1362 314 1422 esse‘
335 1360 366 1422 in
386 1358 551 1424 anotonrioc
568 1359 690 1423 historia
709 1378 820 1422 nomen
841 1360 971 1430 Eudemi,
996 1358 1107 1440 physici
1126 1357 1282 1420 cuiusdam
1301 1357 1345 1419 vel

145 1447 318 1518 anatomici,
341 1466 429 1526 quem
448 1467 539 1528 saepe
563 1442 743 1527 Galenus⁵¹)
767 1447 914 1518 nominat,
946 1445 994 1527 qui
1017 1446 1071 1507 luit
1091 1444 1221 1525 aequalis
1245 1444 1345 1506 Erasi·

145 1532 298 1605 stratidei
324 1542 354 1595 et
375 1533 529 1615 Herophili
552 1533 740 1596 Chalcedonii
751 1529 811 1614 ⁵²),
837 1533 996 1612 insignium
1016 1533 1134 1594 illorum
1161 1531 1344 1611 antiquitatis

145 1620 389 1696 anatomicorum‚
412 1639 539 1701 quorum
554 1620 745 1701 Herophilus,
768 1639 856 1700 quem
873 1619 1089 1698 Evangelistam
1107 1618 1345 1681 anatomicorum

145 1705 384 1789 ap'pellat'Gahr.
407 1708 574 1790 Fallopius,
600 1708 714 1788 primus
740 1709 866 1770 humana
891 1708 1032 1770 cadavera
1058 1706 1227 1768 catervatim
1247 1704 1344 1767 secuit

146 1802 176 1855 et
199 1794 339 1858 dissecuit
349 1791 400 1876 ⁵³).
451 1795 512 1858 Sed
530 1794 702 1877 interpellas
732 1796 796 1867 me,
827 1803 857 1857 et
877 1795 1057 1872 interrogas:
1086 1812 1158 1854 uum
1179 1791 1227 1853 alii
1256 1793 1344 1854 etiam

145 1880 216 1966 clari
238 1883 359 1943 luerunt
378 1882 548 1965 philosophi
570 1881 759 1963 Peripatetici
780 1889 809 1945 et
830 1880 946 1944 nohiles
965 1880 994 1943 in
1016 1878 1199 1961 physiologia
1222 1886 1254 1940 et
1273 1877 1345 1956 ana?

145 1964 260 2027 tomis?
279 2001 320 2014 -
343 1969 485 2043 Fuerunt,
508 1968 695 2051 respondeo:
721 1977 919 2049 acquantum
943 1967 1032 2028 studii
1052 1967 1082 2029 in
1106 1967 1151 2028 his
1172 1966 1264 2028 rebus
1288 1985 1345 2048 po·

38 2105 40 2107 ,
145 2051 269 2125 suerint,
289 2053 402 2132 optime
425 2074 461 2116 ex
476 2056 596 2118 lanciani
606 2052 648 2134 ⁵⁴)
668 2056 776 2126 verbis,
800 2056 849 2137 qui
863 2075 915 2117 eos
938 2063 1064 2135 propter
1084 2054 1143 2115 hoc
1163 2053 1264 2132 ipsum
1280 2061 1345 2116 stu·

144 2137 226 2201 dium
245 2137 373 2212 ludibrio
395 2140 510 2214 hahuit,
540 2142 738 2221 cognoscitur.
772 2141 958 2213 Laudentur,
979 2141 1108 2221 inquam,
1126 2140 1225 2202 multis
1243 2141 1344 2202 uonn-

144 2223 231 2311 nibus
260 2223 458 2304 Theophrasti
468 2223 510 2304 ⁵⁵)
541 2228 578 2289 de
606 2228 652 2289 his
682 2229 772 2290 rebus
802 2228 1006 2308 quaestiones:
1033 2226 1197 2289 anatomica
1222 2227 1345 2308 scripsit

145 2309 338 2372 Callisthenes
349 2307 407 2392 ⁵⁸):
433 2311 504 2392 περὶ
534 2307 684 2374 σκελετῶν
711 2314 831 2395 scripsit
862 2314 1021 2377 Clearchus
1032 2310 1090 2394 51);
1123 2313 1260 2387 Meneni,
1293 2314 1343 2393 qui

145 2396 300 2460 desudarit
323 2397 353 2458 in
384 2397 573 2479 Hippocratis
601 2400 720 2481 scriptis
751 2401 941 2495 colligendis,
969 2388 1129 2480 συναγωγὴ
1161 2389 1285 2481 ἰατρική
1298 2397 1343 2482 ⁵⁸)

177 2520 223 2586 47)
245 2522 317 2589 Quod
335 2522 445 2590 probare
462 2524 622 2591 studuimus,
640 2527 727 2592 posuit
754 2526 798 2591 τῆς
805 2520 906 2597 χειρός,
924 2521 1013 2578 κατὰ
1033 2524 1052 2575 δ
1058 2522 1071 2576 l
1089 2521 1152 2576 τὸν
1169 2521 1342 2596 Εὔδημον

143 2592 193 2643 ium
214 2591 313 2642 loosius
338 2591 443 2657 Scriptt.
465 2591 528 2645 llist.
547 2592 613 2647 Phil.
632 2593 650 2653 l,
666 2593 725 2657 XV,
754 2591 782 2646 cd
801 2592 903 2663 μεταξὺ
921 2595 969 2646 τοῦ
984 2593 1099 2662 luperci
1111 2590 1341 2662 καὶτοῦᾶντίχει·

143 2661 160 2714 2
169 2659 247 2725 phl,
266 2659 311 2710 sed
326 2675 374 2710 non
394 2661 459 2710 setis
478 2661 619 2728 exploratis
632 2664 669 2713 rei
686 2678 727 2714 ar·
753 2679 809 2730 ρος,
818 2660 925 2727 δηλαδὴ
934 2662 983 2714 τοῦ
996 2654 1121 2731 μεγάλου
1131 2656 1282 2715 δακτύλου.
1302 2662 1340 2715 14.

141 2728 280 2790 gementis.
302 2725 366 2779 Vide
382 2727 585 2781 etiemVossinm
599 2730 631 2780 de
647 2731 727 2781 histo«
753 2733 778 2782 in
793 2726 911 2795 llied.r',
930 2732 980 2784 438
989 2731 1073 2798 ρ.54θ
1091 2730 1193 2794 στῆθος
1209 2731 1340 2800 μέσον-

143 2797 204 2848 ricis
217 2794 261 2848 Gr.
281 2793 315 2846 lll
330 2812 356 2862 p.
371 2795 420 2847 385
440 2796 573 2862 edhugd.
594 2797 620 2848 Ιιι
633 2799 726 2865 Spreu-
752 2798 863 2857 ἐδίδαξε
880 2800 937 2850 nori
954 2801 1041 2851 κεῖται
1058 2793 1074 2864 ἡ
1092 2796 1202 2866 καρδία,
1220 2793 1264 2858 ὥς
1283 2800 1342 2851 καὶ

142 2864 203 2928 gelii
217 2863 284 2914 lihro
305 2863 454 2916 Gcsclticlrte
471 2867 519 2917 deo·
529 2868 644 2918 Medicis
659 2865 725 2917 Bdl
754 2859 912 2936 Εὐδήμῳ
932 2865 1018 2919 δοκεῖ.

142 2931 184 2983 ed.
205 2931 271 2983 1845
295 2947 320 2997 p.
343 2933 395 2984 tlt
423 2933 547 2998 Apuleios
571 2935 645 2984 testis
671 2933 726 2985 lau·
786 2953 832 3017 51)
859 2952 900 3004 (χρ,
920 2969 945 3004 0·
971 2968 1010 3018 gf.
1030 2951 1122 3003 Galen,
1149 2959 1211 3004 gom,
1231 2951 1293 3006 quq

142 2999 219 3051 detur
236 3006 263 3050 et
282 3001 330 3050 hoc
342 3002 514 3064 contenditur,
534 3003 665 3054 Eudemus
676 3019 724 3055 uon
750 3021 811 3078 212,
833 3028 895 3072 gom,
914 3020 936 3072 ῃ
962 3037 987 3089 ρ,
1007 3022 1067 3074 ρρρ,
1089 3029 1151 3072 gom,
1174 3019 1239 3072 χιχ
1260 3038 1286 3089 Ρ,
1306 2971 1340 3076 3⁹0⁸

141 3069 250 3121 Rhodus
260 3069 543 3123 hohcthotnrledre
554 3072 725 3124 oeconomu-
751 3091 793 3141 ορ.
813 3087 914 3142 ΚΜ,

141 3137 225 3189 lichen
244 3140 364 3205 llo'rpers
387 3137 531 3190 detondelt.
567 3138 601 3188 ht
625 3140 673 3190 hoe
692 3156 723 3190 ex
786 3178 827 3205 „
1027 3175 1032 3188 .

141 3203 242 3269 Apulcii
262 3206 349 3257 verbis
368 3205 454 3271 colligi
475 3222 523 3256 non
544 3212 638 3272 potest.
785 3178 830 3234 ⁰²¹
848 3175 977 3242 A⁰q¹¹⁸¹⁰⁵
998 3175 1078 3227 Μ’
1099 3173 1256 3240 Endemum’
1289 3176 1336 3227 ”⁶⁰

175 3273 222 3334 48)
241 3271 380 3324 hlnellerus
400 3273 502 3338 Fragm.
523 3273 588 3326 llist.
607 3273 653 3324 Gr.
672 3275 722 3326 vol.
751 3245 890 3325 mmmm>
909 3243 1112 3324 Qimmm'
1132 3245 1278 3326 5¹p⁰⁵i¹⁰¹¹¹
1298 3251 1339 3296 εἰ

142 3336 198 3404 ΗΡ.
210 3341 244 3392 20
256 3342 314 3406 quid
327 3341 498 3405 Eudemoim,
518 3356 592 3407 quem
602 3341 722 3392 Aeflanus
750 3327 776 3361 ιιι
796 3311 939 3377 Sprengelu
958 3311 1024 3363 hhro
1044 3312 1194 3365 Geochachte
1213 3314 1261 3364 der
1279 3315 1337 3365 Mc-

141 3413 329 3469 commemorat‚
349 3407 439 3471 iaciat,
455 3409 596 3459 nescirsus
616 3408 721 3459 latetur.
749 3380 819 3430 Μ’
837 3383 854 3429 ¹
872 3381 921 3476 ,Μ’
940 3395 966 3446 ¹²·
984 3379 1034 3431 ⁵3⁹
1053 3387 1080 3431 “t
1098 3396 1123 3446 Ρ·
1145 3383 1205 3436 52²·

175 3473 219 3535 ιι)
239 3471 390 3524 urrunnun
404 3466 557 3538 iniisset,
573 3475 622 3527 ase
638 3478 722 3543 pesa
784 3462 829 3526 5³)
848 3461 914 3514 vua
935 3464 1112 3531 Sprengutun
1130 3466 1147 3518 ¹·
1167 3465 1185 3516 ¹·
1206 3481 1230 3532 ι·
1251 3466 1332 3519 ⁵¹⁰·-

141 3539 182 3618 ed.
203 3539 274 3620 hom.
303 3534 423 3606 ‘Oporinos
441 3538 567 3600 εἰπόντος
586 3545 721 3608 τρωθῆναι
783 3549 828 3611 54)
848 3548 977 3601 Luciacus
990 3548 1108 3601 Vitaronr
1127 3549 1262 3600 ductionis
1278 3565 1336 3618 cap.

140 3622 189 3664 την
204 3605 371 3674 Αᾳροδίτην
392 3612 472 3675 χεῖρα
498 3610 629 3690 αρυμιζόν
653 3607 722 3682 ὑπὲρ
748 3615 781 3666 to
796 3616 827 3667 de
838 3616 1020 3685 Peripateticis
1037 3618 1065 3667 tt
1079 3616 1114 3668 δέ
1118 3632 1126 3674 3
1145 3616 1170 3667 ed
1189 3611 1339 3678 ἀκούσειας

140 3676 271 3742 θέναρος,
292 3675 318 3724 ct
335 3675 452 3727 notarat
468 3693 557 3743 φασιν
575 3675 617 3730 ὁτι
637 3681 722 3746 θέναρ
748 3679 818 3734 cillo
842 3687 937 3753 πολλῷ
971 3679 1077 3737 τούτων
1111 3678 1337 3754 ὀξυδερκέστερα,

140 3744 244 3810 λέγεται
267 3738 416 3821 τὸωμιταξὺ
435 3745 490 3795 τῶν
514 3741 659 3798 δακτύλων
676 3751 722 3799 καὶ
749 3753 831 3817 γονῆς
859 3772 886 3807 τε
910 3755 973 3823 αέρι
997 3751 1045 3802 καὶ
1070 3751 1201 3816 γένεσεαις
1225 3752 1272 3799 καὶ
1291 3757 1339 3821 τῆς

140 3813 188 3863 τοῦ
207 3827 326 3877 saproc,
348 3805 435 3876 ἤγουν
453 3810 482 3864 τὸ
501 3815 597 3866 κοῖλον
609 3816 654 3874 τῆς
666 3834 722 3883 χει·
748 3818 779 3871 έν
796 3825 855 3882 ταῖς
871 3815 989 3892 μήτραις
1006 3818 1063 3868 τῶν
1079 3807 1209 3884 ἐμβρύων
1222 3817 1339 3874 niuoso

139 3874 203 3947 ρός,
229 3876 246 3943 ἢ
274 3875 359 3958 κατὰ
376 3873 550 3950 Εὔδημον
574 3879 603 3935 τὸ
619 3883 722 3952 μεταξὺ
747 3889 803 3952 ταῖς,
821 3890 868 3941 καὶ
881 3884 1080 3954 ὠςᾶνδρωπος
1095 3881 1151 3952 μέν
1164 3884 1338 3966 γελαστικόν,

139 3949 188 4028 τοι]
207 3949 320 4027 luperco
338 3947 384 3997 καὶ
398 3948 446 4026 ταῦ
460 3945 621 4032 ἀντίχειριις,
636 3946 722 4018 ἤγουν
748 3951 813 4035 ὅξος
837 3955 869 4009 δὲ
889 3953 922 4039 οδ
941 3944 1122 4035 γιλασξρκρν,
1144 3949 1211 4004 ουδὲ
1231 3969 1336 4010 tentor·

138 4014 721 4156 {lialffhiiltffiefflii&iiiiii{ii
748 4019 1177 4160 'tttttltttttitt‘tt
1198 4089 1334 4159 sona.

138 4147 186 4214 ρὸς
210 4148 240 4202 τὸ
264 4150 341 4212 ἐντὸς
363 4154 449 4221 δέναρ
468 4153 623 4222 σαρκῶδες,
649 4159 719 4222 λέγει
748 4161 766 4213 Ι.
786 4161 805 4211 l.
826 4177 850 4227 p.
870 4159 929 4211 438.
962 4166 963 4170 ’

138 4217 169 4300 δέ
188 4220 234 4268 καὶ
253 4217 301 4270 τὸν
317 4217 427 4288 καρτὸν
452 4217 560 4293 ἄρθρον
579 4219 648 4276 εἶναι
664 4242 720 4292 χει·
781 4227 826 4284 54)
845 4223 911 4276 Vide
932 4224 1070 4294 Spreugel.
1090 4226 1108 4278 l.
1129 4227 1138 4278 l
1158 4242 1184 4293 p.
1205 4225 1266 4278 ltt.

138 4303 185 4354 ρος
204 4287 251 4336 καὶ
267 4292 423 4355 βραχίονος.
781 4293 827 4362 57)
846 4291 912 4343 Vide
931 4294 1065 4361 Sprougcl.
1085 4296 1102 4347 l.
1124 4295 1142 4347 Ι.
1163 4308 1187 4361 p.
1206 4295 1266 4346 442.

151 4355 217 4431 ,50)
236 4355 493 4414 Bachrnoon.Schol.
514 4361 538 4410 in
556 4359 628 4412 llonr.
645 4361 716 4412 lliad.
780 4361 828 4426 58)
847 4358 912 4412 Vide
940 4363 1071 4432 Sprengel.
1099 4365 1116 4415 l.
1138 4363 1155 4414 Ι.
1183 4377 1208 4429 p.
1231 4363 1279 4416 341
1306 4372 1332 4418 et

139 4438 167 4489 ε,
188 4423 237 4475 388
257 4438 281 4493 ρ.
301 4426 351 4479 tte
376 4428 462 4500 θέναρ
486 4429 555 4499 ‹pnol
575 4426 719 4481 τὸκοῖλον
746 4447 770 4499 p.
790 4428 851 4482 tlt.
