2784 4838
541 224 615 298 Vll.
643 224 676 298 3.
704 222 741 298 d.
1162 216 1241 300 317

74 410 128 462 Μ·
219 413 294 475 Tres
315 414 405 492 igitur
426 412 573 475 habentur
593 413 736 478 amicitiae
758 413 891 494 species,
920 412 951 473 in
975 412 1081 493 quibus
1104 396 1241 476 omniirus

104 463 312 582 3aequalitatis
343 501 496 564 cuiusdam
525 501 639 563 ratione
668 501 811 564 amicitiae
833 519 943 561 nomen
967 508 1143 580 usurpatur:
1172 520 1241 562 nam

129 591 216 652 etiam
234 588 294 660 illi,
319 589 368 668 qui
392 590 429 650 ob
452 589 590 650 virtutem
613 591 697 652 amici
720 597 803 660 sunt,
827 587 941 649 virtutis
964 588 1088 668 quadam
1112 589 1242 670 acquali-

130 685 188 739 tate
207 676 292 737 amici
309 684 388 737 sunt.
433 677 493 738 Sed
517 684 562 738 est
579 677 633 738 alia
658 678 745 743 etiam
769 675 950 746 differentia,
980 674 1005 737 si
1026 676 1171 737 rationem
1189 677 1242 738 ha-

127 766 234 827 bemus
253 765 492 826 excellentiarum
513 764 646 838 illarum,
673 784 748 847 quae
768 782 859 844 saepe
883 762 912 824 in
934 761 1068 824 amicitiis
1090 762 1241 826 observari

130 857 273 932 possunt,
304 851 397 930 qualis
421 852 610 924 excellentia,
641 853 688 915 dei
712 860 742 913 et
770 850 898 912 hominis
926 850 1035 912 virtute
1063 858 1240 932 comparata,

130 940 235 1000 elucet.
280 938 422 1001 Nimirum
447 941 519 1001 haec
542 947 587 1001 est
605 941 695 1002 altera
714 938 857 1001 amicitiae
878 937 1005 1017 species,
1029 938 1122 1018 qualis
1145 948 1191 999 est
1211 938 1241 1001 in

78 1037 111 1081 aa
130 1027 300 1088 universum
324 1026 447 1088 amicitia
476 1027 639 1106 superioris
662 1035 692 1088 et
717 1024 881 1097 interimis,
911 1024 1085 1105 imperantis
1113 1025 1240 1095 eteius,

132 1114 181 1195 qui
202 1123 288 1194 paret
309 1113 445 1194 imperio,
466 1114 543 1175 lraud
565 1123 755 1195 accusatque
772 1114 818 1175 ius
838 1131 962 1193 quoque·
974 1112 1054 1174 inter
1070 1115 1125 1174 lros
1145 1113 1243 1175 direr-

130 1220 197 1263 sum
218 1209 279 1262 est:
303 1220 400 1281 neque
424 1201 503 1262 enim
524 1221 660 1273 numero,
679 1202 732 1263 sed
751 1199 947 1282 proportione
964 1199 1010 1261 ius
1032 1206 1062 1262 et
1082 1200 1243 1281 aequalitas

128 1290 235 1350 luorum
255 1288 367 1350 nititur.
407 1291 473 1362 Quo
498 1289 526 1350 iu
548 1308 658 1367 genere
681 1297 727 1350 eat
744 1287 871 1351 amicitia
892 1286 984 1367 patris
1006 1295 1036 1349 et
1058 1287 1119 1362 lilii,
1142 1297 1172 1350 et
1194 1308 1241 1350 ra-

129 1376 170 1438 tio
194 1375 256 1436 eius
279 1376 422 1449 hominia,
451 1376 500 1456 qui
522 1377 599 1438 beno
623 1378 660 1438 de
682 1377 776 1438 altero
799 1375 923 1438 meritus
947 1384 1009 1448 est,
1035 1383 1124 1457 atqam
1145 1376 1241 1449 haina,

128 1463 157 1524 in
186 1481 273 1542 quem
300 1463 443 1525 beneficia
472 1463 555 1543 prior
584 1462 634 1525 ille
664 1463 796 1526 contulit..
853 1463 962 1524 Verum
990 1465 1094 1524 harum
1123 1483 1241 1545 quoque

127 1549 320 1613 amicitiarum
341 1552 484 1632 quaedam
504 1551 668 1613 differentia
688 1562 741 1614 est.
787 1548 849 1615 Alia
872 1558 918 1611 est
939 1550 1129 1613 necessitudo
1148 1551 1241 1632 patris

128 1645 159 1699 et
180 1638 246 1710 dlii,
274 1639 329 1699 alia
350 1639 447 1700 mariti
471 1646 500 1700 et
515 1639 631 1700 uxoris:
660 1639 810 1720 posterior
837 1645 883 1699 est
904 1639 967 1700 lere
985 1637 1089 1700 similis
1109 1638 1241 1711 necessi·

80 1737 110 1779 π
131 1725 224 1786 tudini
243 1724 315 1798 eiua,
339 1726 388 1805 qui
407 1734 520 1806 regnat,
548 1733 578 1786 et
595 1727 667 1799 eius,
691 1727 740 1808 qui
758 1726 886 1806 imperio
903 1725 1039 1787 subditus
1059 1734 1119 1787 est:
1148 1726 1241 1807 patris

128 1819 158 1873 et
176 1812 227 1873 dlii
248 1813 437 1876 necessitudo
459 1813 583 1875 similior
602 1813 708 1876 rationi
730 1814 855 1885 horum,
882 1832 1010 1894 qoomm
1033 1814 1109 1875 alter
1126 1813 1239 1876 benefi-

126 1900 178 1961 ciis
197 1902 320 1962 allectus
342 1909 397 1973 est,
418 1903 493 1963 alter
515 1901 666 1964 beneflciis
688 1901 793 1963 allecit
940 1964 946 1971 ,

192 1988 225 2048 ln
247 1988 416 2050 huiusmodi
437 1997 535 2050 autem
565 1988 699 2050 amicitiis
721 1996 772 2049 aut
802 1986 924 2049 omnino
950 2007 1011 2049 non
1042 1987 1186 2067 contingit
1208 1997 1241 2052 ut

128 2082 229 2136 ament
250 2084 339 2156 atque
358 2077 522 2148 reclament,
546 2085 596 2137 aut
615 2083 695 2137 certe
716 2095 777 2137 non
800 2076 832 2136 lit
853 2074 917 2154 pari
939 2076 1038 2138 modo.
1070 2075 1148 2146 Nam
1168 2076 1240 2138 ridi·

127 2163 341 2233 commosset,
367 2164 391 2224 si
414 2163 479 2242 quis
500 2164 694 2242 exprobraret
714 2163 788 2236 deo,
817 2163 897 2244 quod
916 2181 976 2223 non
1001 2162 1129 2243 pariter,
1152 2170 1241 2245 atque

127 2252 200 2311 deus
219 2268 236 2310 a
257 2270 290 2310 se
312 2259 443 2322 ametur,
475 2250 541 2331 ipse
562 2270 578 2311 a
601 2251 657 2312 deo
681 2249 867 2321 redametur,
896 2249 942 2311 rel
962 2249 986 2311 si
1009 2249 1137 2331 principi
1161 2251 1240 2314 idem

128 2337 241 2398 crimini
273 2346 366 2400 vertat
395 2337 530 2399 subditus
558 2338 693 2418 imperio.
746 2338 819 2399 Nam
837 2356 964 2417 aequum
987 2344 1034 2398 cst
1058 2337 1186 2421 principi
1209 2347 1241 2401 ut

127 2433 250 2498 ametur,
274 2445 335 2487 non
358 2433 392 2487 ut
408 2433 495 2495 amet,
518 2434 567 2486 aot
586 2434 667 2488 certa
686 2433 720 2487 ut
736 2433 815 2488 amet
836 2424 894 2486 alio
914 2426 1014 2486 modo.
1056 2427 1239 2506 Quamquam

79 2529 108 2571 ao
127 2513 163 2573 ad
175 2513 356 2593 voluptatem
369 2513 449 2592 quod
467 2513 581 2585 attinet,
595 2514 697 2575 eadem
713 2515 776 2575 lere
786 2514 923 2593 voluptas
937 2520 991 2584 est,
1007 2530 1094 2593 quam
1112 2510 1256 2594 apulea-⁸

129 2608 175 2660 tus
192 2620 227 2660 ex
246 2620 279 2662 re
294 2621 346 2662 aua
366 2608 417 2662 aut
439 2601 545 2681 [pater]
568 2601 660 2662 elilio
676 2620 732 2663 suo
749 2601 837 2682 capit,
860 2608 949 2682 atque
971 2598 1030 2674 illa,
1054 2620 1129 2681 quae
1145 2619 1240 2680 egeno

129 2706 185 2766 per
204 2706 247 2760 ea,
269 2707 343 2768 quae
363 2688 544 2768 adipiscitur,
568 2696 697 2768 paratur.
737 2687 847 2752 Eadem
863 2687 938 2750 ratio
957 2695 1003 2750 eat
1020 2706 1111 2769 quum
1127 2707 1241 2762 eorum,

129 2776 179 2853 qui
202 2776 240 2836 ob
266 2775 429 2848 utilitatem,
452 2783 513 2837 tum
537 2794 651 2845 eorum,
673 2776 722 2855 qui
740 2776 778 2837 ob
797 2777 978 2857 voluptatem
995 2775 1151 2837 amicitiam
1169 2795 1242 2838 con-

129 2863 264 2923 trahunt:
294 2882 360 2924 nam
381 2864 487 2925 horum
511 2882 629 2942 quoque
652 2862 776 2925 amicitia
801 2863 909 2945 partim
931 2863 1061 2943 aequalis
1081 2870 1143 2935 est,
1171 2882 1241 2944 par-

129 2950 180 3013 tim
206 2950 287 3022 talis,
316 2958 348 3012 ut
378 2951 452 3012 alter
474 2951 585 3012 amicus
607 2969 699 3030 super
727 2950 853 3013 alterum
881 2949 1015 3012 excellat
1059 2948 1132 3012 lude
1154 2950 1188 3012 fit
1209 2960 1242 3013 ut

130 3046 159 3099 et
180 3037 237 3109 illi,
268 3038 316 3117 qui
339 3037 471 3099 utilitatis
497 3057 552 3119 spe
576 3045 694 3098 nurtuae
723 3037 778 3099 sihi
808 3035 954 3099 conciliati
979 3043 1066 3110 sunt,
1097 3055 1188 3119 quum
1208 3057 1241 3099 se

128 3144 215 3205 pares
238 3134 267 3186 et
294 3126 382 3206 plane
409 3126 546 3205 aequales
568 3144 633 3186 esse
656 3124 852 3197 amitrentur,
883 3123 1091 3205 expostulent,
1120 3125 1240 3205 quaudo

79 3226 109 3269 aa
128 3231 189 3273 non
214 3213 326 3274 exsistit
344 3231 400 3293 par
422 3213 571 3294 utrimque
590 3211 711 3274 utilitas:
739 3219 770 3273 et
789 3220 821 3274 ut
843 3210 908 3291 pari
930 3211 1021 3273 modo
1042 3210 1094 3284 illi‘,
1116 3211 1165 3293 qui
1187 3231 1240 3273 vo-

128 3299 248 3379 luptatis
279 3318 366 3362 causa
388 3299 544 3362 amicitiam
574 3306 802 3372 contraxerunt,
831 3298 955 3378 litigent.
1003 3298 1067 3360 lloc
1087 3299 1240 3380 apertissi-

127 3407 209 3448 mum
230 3394 275 3448 est
293 3388 322 3449 in
350 3387 440 3449 rebus
458 3387 622 3449 amatoriis:
645 3386 684 3448 ihi
710 3386 789 3449 enim
812 3384 927 3448 diversa
951 3385 1111 3448 amantium
1134 3386 1240 3449 condi·

129 3475 169 3535 tio
200 3475 290 3537 elficit
314 3482 347 3536 ut
371 3483 503 3536 amantes
530 3493 620 3555 saepe
647 3474 726 3535 inter
754 3493 786 3536 ae
816 3472 958 3537 rixentur.
1014 3473 1135 3553 lgnorat
1160 3473 1240 3536 enim

127 3570 258 3633 amator,
289 3563 421 3624 diversas
450 3562 506 3623 sibi
535 3581 601 3623 esse
623 3561 754 3625 rationes
785 3560 924 3624 desiderii
951 3561 1095 3624 amatorii.
1137 3562 1240 3642 ltaque

127 3649 207 3712 rixae
231 3650 278 3710 vel
309 3650 449 3731 querelae
472 3668 589 3713 causam
612 3668 645 3710 se
676 3649 716 3727 [iu
741 3649 828 3712 amati
850 3647 948 3711 verbis
970 3650 1017 3711 rel
1039 3643 1135 3728 lictis]
1156 3649 1240 3711 inve-

128 3737 192 3798 nire
212 3744 305 3816 putat,
325 3745 354 3798 et
375 3737 516 3799 amasium
538 3737 686 3817 vituperat
702 3736 807 3799 talibm
827 3736 929 3799 dictis:
948 3736 1042 3808 „doec
1059 3755 1120 3800 noo
1134 3755 1240 3799 omon-

113 3829 162 3893 ,τίς
185 3824 276 3887 verda
294 3833 386 3886 aupt“
417 3824 486 3902 [hoc
507 3831 562 3897 est,
582 3823 608 3885 si
625 3842 673 3886 me
695 3820 819 3897 amaras,
838 3823 927 3886 bonis
948 3823 1048 3886 verbis
1070 3823 1238 3900 utereris“].

125 3911 269 3974 Nimirum
290 3919 421 3974 amantes
438 3911 480 3972 illi
496 3910 626 3973 rationes
642 3911 796 3992 utriusque
817 3911 943 3974 amantia
960 3910 1078 3973 easdem
1099 3928 1165 3972 ease
1189 3930 1241 3994 aa·

122 3999 262 4061 istimant.

74 4084 125 4136 ⁹2³·
208 4089 305 4160 Quum
335 4080 424 4164 igitur
453 4094 514 4148 tres
536 4085 595 4148 sint
616 4086 759 4149 amicitiae
780 4084 913 4169 species,
947 4093 1039 4168 prout
1060 4102 1126 4150 aaut
1147 4084 1240 4148 virtus

103 4133 173 4234 4vel
198 4173 307 4236 utilitas
329 4173 376 4233 vel
401 4173 537 4253 voluptas
566 4173 661 4254 parit,
693 4175 749 4237 hae
778 4181 839 4236 tres
869 4173 986 4256 specics
1014 4188 1118 4235 rursus
1139 4172 1240 4237 distri-

126 4261 259 4322 buuntur
286 4259 437 4322 hilariam:
462 4278 530 4322 nam
561 4260 667 4340 partim
686 4262 848 4341 aequalitas
869 4261 900 4323 in
922 4260 959 4323 iis
978 4268 1101 4340 regnat,
1131 4260 1239 4342 partim

127 4346 286 4408 eminentia
303 4348 446 4428 quaedam
465 4354 494 4409 et
510 4347 682 4409 excellentia
698 4347 819 4410 alterius
833 4347 920 4411 amici
936 4347 1127 4430 conspicitur.
1156 4347 1240 4422 Quae

125 4441 251 4522 utraque
272 4453 381 4517 genera
402 4434 512 4498 habant
534 4433 654 4516 quidam
675 4453 785 4499 nomen
806 4434 967 4502 amicitiae:
991 4435 1048 4500 aad
1064 4452 1136 4499 rere
1153 4433 1239 4499 amici
