2776 4836
148 226 224 327 aaa
549 229 624 305 vn.
658 233 712 333 ια,
752 228 841 303 vni
873 231 905 303 1.

152 420 272 484 tato,n.ad
290 420 440 482 dolentem
460 429 489 482 rt
504 421 643 482 alllietrnn
663 420 808 483 accedens
828 420 1048 500 quodammodo
1059 419 1090 482 in
1107 436 1143 481 se
1160 419 1287 502 suscipit
1300 423 1342 482 ali-

236 507 306 588 quid
337 508 374 569 de
403 509 592 571 incommodo
619 507 705 569 amici
734 508 913 580 laborantis,
944 507 1072 587 ideoque
1103 527 1161 589 pro
1197 511 1340 571 commodo

236 595 293 655 iam
315 596 405 657 babet
422 596 671 673 incommodumJ:
700 585 772 674 ergo
793 617 809 657 a
831 597 911 657 malo·
927 614 985 656 una
1008 596 1135 657 lerendo
1152 595 1268 658 amicos
1283 616 1340 658 snos
1372 614 1374 625 ·

235 682 329 743 arceri
352 684 456 744 volunt
481 684 563 762 (nam
585 683 658 763 ipsis
686 683 763 745 male
785 703 868 754 esse,
897 683 967 743 satis
991 702 1057 744 osse
1079 682 1219 761 dicunt),
1254 704 1289 745 ne
1308 684 1341 744 ri-

149 783 205 834 um.
214 771 361 832 adeantur
382 790 468 832 suum
491 779 628 852 spectare
647 772 853 842 commodum,
883 791 957 831 nere
978 769 1108 849 gaudere
1131 771 1214 832 velle
1235 771 1341 832 videan-

235 864 300 930 tur,
328 859 447 920 dolente
479 859 583 920 amico.
630 858 738 918 Contra
760 858 861 921 amicis
892 857 1113 919 consolantibus
1136 855 1228 919 amici
1256 858 1344 920 miseri

234 944 324 1006 levari
346 945 494 1019 ridentur,
515 965 606 1026 quum
626 964 687 1005 non
705 947 760 1007 soli
783 949 881 1007 lerant
901 946 985 1006 mala.
1027 944 1180 1018 Quoniam
1205 953 1302 1007 autem
1321 955 1344 1006 et
1373 938 1376 995 ἶ

233 1033 311 1093 bene
330 1053 396 1094 esso
419 1041 449 1095 et
467 1052 525 1095 una
547 1053 613 1094 esso
634 1034 835 1112 expetendum
851 1041 905 1105 est,
928 1039 1062 1113 apparet,
1085 1033 1177 1094 etiam
1198 1050 1257 1094 una
1280 1053 1344 1104 esse,
1375 1052 1377 1059 ’

234 1127 367 1181 utentem
387 1121 467 1183 bono
490 1121 623 1190 minore,
655 1121 748 1200 magis
768 1141 835 1183 osse
854 1120 1072 1200 expetendum,
1102 1138 1197 1199 quam
1221 1139 1288 1182 esse
1305 1140 1345 1181 se·
1372 1090 1376 1157 l

202 1217 216 1260 ὅ
235 1207 378 1280 iunctum,
402 1227 579 1289 quamquam
598 1214 731 1270 utentem
746 1209 827 1270 bono
850 1208 970 1269 maiore.
1008 1207 1082 1281 Quia
1098 1226 1175 1268 vero
1193 1207 1345 1270 obscurum

237 1303 291 1367 est,
315 1294 386 1375 quid
406 1295 479 1357 illud
505 1314 585 1370 „una
603 1302 633 1356 et
652 1296 852 1359 coniunctim‘
874 1296 978 1366 valeat,
1004 1295 1173 1357 indiverso
1194 1295 1307 1358 abeunt
1324 1304 1346 1356 et

235 1382 410 1456 existimant,
433 1385 491 1446 boc
514 1403 580 1445 esse
604 1402 690 1446 verae
709 1384 861 1456 amicitiae,
884 1391 916 1444 ut
939 1382 1025 1443 simul
1044 1382 1181 1444 omnium
1201 1383 1346 1445 resumsit
1369 1356 1375 1471 l

234 1469 338 1548 aliquis
361 1470 529 1552 particeps,
558 1472 807 1550 quemadmodum
831 1470 940 1551 gratius
963 1470 1139 1550 epulentur,
1166 1471 1219 1549 qui
1242 1470 1345 1532 sintin
1371 1476 1377 1499 ·'

234 1557 378 1630 conririo,
397 1577 484 1637 quam
501 1558 550 1638 qui
567 1559 669 1620 eadem
685 1559 741 1621 soli
757 1560 894 1641 privatim
912 1558 1047 1620 habeant
1088 1558 1127 1618 m
1143 1557 1245 1621 amico
1261 1558 1345 1629 alten,
1366 1512 1374 1613 l

234 1645 343 1706 misero
366 1645 418 1718 illi,
439 1648 513 1708 haec
536 1645 717 1725 opinionon
740 1648 847 1729 placet.
887 1645 975 1719 Quod
997 1643 1021 1705 si
1045 1644 1112 1725 quis
1134 1663 1206 1706 rem
1228 1665 1373 1783 nagge-q

232 1740 294 1806 ret,
324 1751 396 1794 sane
418 1752 451 1795 se
472 1752 572 1795 errare
593 1734 756 1809 fateantur,
779 1753 870 1816 quum
890 1733 993 1794 malint
1013 1732 1202 1795 coniunctim
1223 1733 1301 1795 male
1320 1752 1345 1794 se

189 1830 214 1874 ¹⁰
232 1821 353 1892 babere,
376 1840 463 1899 quam
480 1822 557 1882 bene
573 1822 708 1884 seorsim.
743 1823 844 1884 Simile
864 1822 896 1882 dt
916 1821 946 1880 in
966 1821 1086 1881 lortuua
1102 1821 1252 1883 secunda.
1283 1790 1367 1917 Nam}

234 1908 304 1970 alias
332 1908 438 1970 abesse
468 1909 578 1970 amicos
609 1918 640 1970 et
669 1930 720 1971 eos
748 1911 829 1972 bono
851 1908 950 1970 animo
973 1928 1040 1970 esse
1066 1908 1229 1981 volumus,
1266 1927 1342 1988 quun

232 2003 387 2075 putamus,
418 2016 480 2057 non
503 2015 593 2076 posse
611 2017 667 2059 nos
689 1998 749 2059 alla
766 2019 802 2059 ex
823 2004 907 2077 parte
929 2015 1038 2074 augere
1063 2012 1175 2057 eorum
1193 1998 1341 2065 fortunam,

233 2103 308 2164 quae
327 2084 423 2145 maior
446 2085 510 2145 lore
531 2083 657 2158 ridetur,
682 2085 706 2146 si
723 2085 780 2146 alio
800 2086 877 2156 loeo,
897 2083 1003 2144 remoti
1022 2103 1037 2144 a
1055 2083 1156 2156 nobis,
1179 2092 1340 2146 versentur:

179 2177 183 2185 '
231 2171 312 2243 alias,
329 2173 435 2233 adesse
457 2172 588 2243 eosdem,
608 2173 807 2252 gratissimum
827 2179 881 2233 est.
926 2170 1014 2233 Cuius
1031 2170 1217 2233 diversitatis
1233 2191 1294 2234 non
1312 2124 1363 2231 ital

231 2259 332 2339 inepta
356 2278 442 2321 eausa
466 2268 519 2321 est.
568 2258 616 2320 Fit
637 2261 715 2322 enim
734 2267 861 2341 propter
884 2277 935 2331 ea,
962 2278 1036 2339 quae
1054 2277 1150 2339 supra
1176 2259 1340 2339 significari-

231 2365 308 2419 mus,
328 2346 436 2425 partim
457 2354 627 2427 propterea,
651 2349 731 2429 quod
748 2367 807 2410 una
831 2368 866 2409 ex
884 2355 967 2426 parte
986 2346 1113 2407 amicum
1131 2346 1291 2409 dolentem
1307 2346 1339 2406 rel

167 2439 170 2444 “
189 2445 215 2488 1⁵
234 2433 264 2511 in
284 2434 361 2494 malo
378 2434 570 2494 constitutam
594 2454 718 2498 eernere
735 2436 813 2499 baud
831 2453 917 2496 secus
934 2436 1101 2505 horremus,
1120 2442 1218 2513 atque
1242 2435 1339 2497 cladem
1358 2396 1363 2513 l

233 2627 317 2679 cum,
344 2607 549 2669 suavissimam
570 2620 631 2684 est,
656 2611 827 2690 etquidem
849 2609 950 2670 videre
973 2609 1099 2671 amicum
1122 2628 1191 2672 non
1216 2610 1339 2672 laborau-

233 2704 303 2768 tem,
326 2695 439 2757 etiamsi
464 2695 578 2776 tuipse
597 2698 723 2760 laboras.
767 2699 868 2777 ltaque
887 2704 1106 2776 utrumcunque
1128 2697 1246 2761 borum
1264 2695 1339 2776 magis

233 2792 346 2863 gratum
367 2790 421 2855 est,
444 2783 474 2844 id
497 2784 587 2846 efficit
608 2794 641 2847 ut
663 2785 789 2847 amicum
813 2792 861 2846 aut
885 2784 990 2845 adesse
1012 2792 1062 2846 aut
1084 2784 1198 2847 abesse
1221 2784 1338 2847 velimus.
1360 2830 1365 2841 .

188 2883 215 2925 ω
233 2873 334 2952 ltaque
359 2870 454 2932 simile
475 2869 562 2932 etiam
585 2873 615 2934 in
638 2872 807 2935 bominibus
826 2871 924 2933 minus
952 2871 1038 2933 bonis
1062 2872 1224 2935 observari
1247 2880 1338 2954 potest
1358 2858 1365 2957 l

232 2962 271 3022 ob
295 2960 420 3029 eandem
444 2978 577 3020 causam:
597 2962 702 3022 nolunt
723 2960 801 3021 enim
824 2959 936 3020 amicos
956 2960 1034 3021 bone
1049 2979 1083 3020 se
1104 2959 1237 3033 babere,
1258 2961 1282 3022 si
1299 2958 1338 3040 ipsi

232 3046 444 3109 calamitatibus
467 3045 565 3107 obruti
587 3056 665 3109 sunt.
708 3049 806 3120 Quare
830 3047 977 3108 interdum
1001 3066 1062 3108 non
1087 3046 1147 3108 sibi
1169 3048 1281 3118 solum,
1300 3008 1366 3117 sedl

233 3136 319 3197 etiam
338 3134 449 3195 bomini
471 3142 567 3195 ennato
591 3155 695 3197 uranus
713 3134 844 3196 inferunt
866 3178 1264 3198 .............
1280 3156 1292 3196 ·.
1312 3177 1338 3195 ..
1358 3124 1367 3263 Ι

1357 3874 1367 4021 l

181 4031 208 4074 w
325 3994 397 4084 Sed
420 4016 534 4080 dubitet
554 4015 709 4097 quispiam,
730 4034 767 4075 an
786 4015 873 4075 licoat
890 4031 1067 4093 unaquaque
1089 4031 1127 4076 re
1145 4015 1193 4078 nti
1210 4025 1245 4081 et
1260 4016 1295 4080 ad
1309 4010 1336 4085 it
1359 4030 1362 4037 '

229 4106 264 4166 ad
289 4108 368 4187 quod
391 4114 458 4169 nata
480 4113 541 4177 est,
565 4112 595 4164 et
618 4105 655 4165 ad
679 4102 776 4173 aliud,
796 4101 963 4181 etquidem
987 4108 1038 4161 aut
1058 4120 1117 4181 per
1136 4122 1211 4167 sese
1233 4113 1285 4167 aut
1299 4042 1369 4183 pul

228 4195 375 4266 accidens,
399 4193 647 4274 quemadmodum
671 4190 757 4251 oculo
781 4196 810 4249 et
828 4189 865 4249 ad
884 4188 1068 4250 cernendum
1091 4188 1215 4254 directe
1236 4192 1335 4257 ulium
1359 4212 1366 4287 q

231 4288 261 4344 et
283 4282 389 4342 eodem
413 4299 557 4341 converso
581 4279 619 4339 ita
640 4278 764 4349 utimur,
784 4284 817 4336 ut
839 4295 895 4354 pro
913 4295 947 4336 re
970 4293 1028 4335 una
1050 4294 1101 4336 res
1127 4278 1207 4341 duas
1232 4292 1335 4343 cernue

185 4380 213 4424 ao
230 4368 317 4429 nobis
329 4366 488 4427 videamur.
518 4367 603 4438 Quod
617 4385 706 4444 quum
724 4363 855 4435 iacimus,
870 4371 1029 4442 utrumque
1042 4362 1169 4442 quidem
1185 4384 1264 4429 usus
1278 4358 1334 4427 ool

232 4462 287 4527 est,
308 4452 361 4514 sed
380 4453 455 4512 alter
472 4471 544 4512 usus
563 4471 619 4532 per
641 4472 708 4514 sese
731 4458 784 4525 est,
807 4451 882 4512 alter
901 4469 957 4532 per
974 4449 1134 4513 accidens:
1156 4452 1333 4535 quenulae
