2784 4838
100 218 179 305 uo
619 222 688 301 ιι.
720 231 753 302 ι.
817 227 823 247 ·’

103 430 258 484 ιιιι,ι.εεεε
284 414 429 496 optimum
456 422 487 477 et
516 422 698 490 extremum,
733 416 816 478 cuins
842 434 928 479 causa
958 417 1072 498 reliqua
1101 418 1176 481 dant
1198 418 1305 483 omnia.

189 508 292 587 ltaque
321 502 427 564 melius
454 520 521 564 esse
548 520 624 584 opus
652 522 740 584 quam
764 504 896 567 habitum
919 513 949 567 et
976 506 1182 579 aberdonem,
1211 507 1305 570 maui-

189 596 298 657 festum
318 598 372 652 est.
415 589 452 651 At
467 608 544 670 opus
566 590 674 653 dicitur
695 590 793 654 modis
812 592 938 655 duobus.
978 592 1013 653 ln
1031 592 1209 674 quibusdam
1228 594 1304 657 enim

189 700 266 763 opus
289 680 438 742 diversum
459 685 506 739 est
524 678 561 739 ab
581 678 703 741 usione:
726 680 854 761 exempli
877 680 969 759 gratia
990 678 1207 744 architecturae
1224 682 1304 743 aedi-

144 781 171 825 ut
189 768 289 831 ficium
306 774 360 839 est,
383 785 445 827 non
462 765 642 827 aedificatio:
663 767 836 841 medicinae,
856 767 976 841 sanitas,
994 775 1025 829 at
1040 786 1103 829 non
1122 768 1238 831 sanatio
1258 778 1304 831 aut

188 854 362 919 medicatio:
386 860 489 914 contra
507 852 537 914 in
560 853 625 915 aliis
646 854 713 915 usio
732 872 808 935 opus
831 863 893 927 est,
916 854 1044 936 exempli
1065 855 1259 935 patierisne
1277 863 1304 918 et

189 962 265 1026 opus
284 950 316 1003 et
331 939 398 1002 usio
419 948 465 1002 cst
484 940 566 1012 visio,
588 949 619 1002 et
634 941 856 1004 mathematicae
872 942 944 1003 artis
961 942 1184 1023 contemplatio.
1222 943 1303 1017 Quo·

187 1028 266 1093 circa
282 1046 407 1090 necesse
430 1034 492 1099 est,
515 1046 642 1108 quornm
665 1047 742 1110 opus
764 1028 794 1090 in
817 1029 923 1092 usione
944 1036 1077 1103 constat,
1100 1029 1131 1093 in
1152 1029 1201 1092 bio
1223 1030 1302 1092 usio-

187 1136 257 1180 nem
280 1116 435 1178 meliorem
458 1133 630 1195 essequam
652 1115 793 1177 habitum.

236 1238 239 1245 ·
262 1203 315 1264 His
336 1204 376 1264 ita
397 1202 581 1275 constitutis,
606 1202 748 1274 dicimus,
775 1202 855 1264 idem
874 1222 940 1265 esse
963 1222 1039 1285 opus
1062 1203 1106 1267 roi
1128 1202 1303 1267 efficiendae

139 1304 168 1350 ao
187 1299 217 1354 et
237 1291 370 1363 virtutis,
395 1290 449 1350 aed
471 1306 533 1351 non
554 1291 660 1351 eodem
679 1291 786 1363 modo,
810 1298 842 1351 ut
864 1298 895 1351 et
914 1291 1046 1353 sutrinae
1064 1298 1095 1354 et
1111 1290 1240 1353 audonis
1259 1299 1304 1353 cst

186 1379 312 1442 calceus.
361 1377 449 1451 Quod
466 1376 492 1438 si
510 1376 604 1439 virtus
627 1385 673 1439 est
690 1377 823 1439 sutrinae
842 1385 873 1439 et
890 1378 978 1458 probi
995 1378 1124 1451 sutoris,
1155 1396 1235 1461 opus
1258 1388 1302 1441 est

185 1467 302 1530 calcem
322 1465 445 1546 probus.
489 1464 572 1526 idem
588 1465 667 1527 vaiet
689 1466 726 1527 de
749 1464 881 1545 reliquis.

260 1552 304 1614 Ad
327 1553 401 1614 haec
426 1551 540 1613 dicatur
559 1552 674 1613 animae
697 1571 774 1632 opus
795 1552 853 1614 vita
876 1551 1047 1625 efficienda,
1070 1553 1163 1628 vitae,
1185 1553 1255 1616 rasio
1273 1562 1302 1615 et

139 1648 167 1693 2⁵
185 1640 331 1721 vigilatio:
354 1657 422 1701 nam
440 1657 564 1700 somnus
584 1639 699 1719 ignavia
716 1641 860 1720 quaedam
879 1648 909 1702 et
928 1639 1011 1721 quies
1032 1647 1086 1703 est
1127 1640 1208 1721 Ergo
1227 1660 1301 1723 quo·

182 1728 262 1791 niam
281 1744 375 1790 unum
397 1734 485 1807 atque
507 1727 587 1788 idem
607 1746 683 1808 opus
706 1727 821 1789 animae
844 1734 933 1807 atque
950 1727 1067 1789 virtutis
1089 1746 1157 1789 asse
1175 1746 1301 1791 necesse

184 1823 239 1888 est,
259 1814 375 1877 virtutis
393 1832 469 1894 opus
487 1813 604 1877 videtur
622 1833 689 1877 esse
708 1814 766 1876 vita
787 1815 892 1895 proba.
933 1814 997 1876 Hoc
1016 1822 1062 1877 est
1082 1814 1173 1896 igitur
1187 1815 1300 1878 bomnn

182 1904 359 1984 perfectum,
376 1900 406 1964 id
422 1908 468 1962 est
483 1901 650 1963 beatitudo:
669 1902 699 1963 id
717 1902 797 1982 qnod
814 1901 966 1964 declarant
982 1921 1025 1976 ea,
1045 1920 1119 1984 quae
1133 1902 1299 1983 posuimus.

138 2003 166 2049 ao
184 1991 255 2051 Erat
274 1989 353 2051 enim
368 1988 454 2050 nobis
471 1988 622 2050 beatitudo
644 1990 806 2071 optimum:
829 1989 904 2051 fines
924 1998 1022 2052 autem
1041 1997 1072 2051 et
1089 2008 1207 2053 summa
1223 1990 1300 2053 bona

182 2078 215 2140 in
233 2077 331 2138 animo
348 2095 414 2138 essa
434 2076 603 2156 posuimus:
625 2076 714 2139 animi
731 2086 831 2138 autem
851 2077 982 2140 habitum
1002 2078 1050 2139 vel
1068 2076 1219 2141 actionem
1235 2098 1299 2141 esse

182 2164 316 2226 diximus.
363 2162 437 2237 Quia
456 2182 527 2225 vero
551 2164 684 2244 operatio
705 2163 847 2243 [energia]
869 2165 975 2226 melius
996 2171 1044 2227 est
1064 2182 1153 2245 quam
1171 2166 1298 2236 affectio,

182 2259 286 2333 estque
313 2250 416 2332 optimi
444 2250 561 2312 habitus
591 2251 702 2331 optima
732 2250 883 2332 operatio,
922 2252 1014 2314 virtus
1039 2258 1139 2314 autem
1168 2252 1298 2333 optimus

181 2338 297 2400 habitus
325 2346 386 2399 est:
417 2337 527 2398 idcirco
556 2357 681 2399 necesse
712 2347 758 2399 est
785 2339 902 2400 virtutis
924 2338 1129 2420 operationem
1151 2340 1297 2421 optimum

182 2443 248 2486 esse
268 2424 299 2486 in
315 2424 424 2485 animo.
460 2424 531 2485 Erat
547 2432 645 2486 autem
665 2426 780 2502 [nostro
802 2425 922 2503 iudicio]
946 2425 1033 2488 etiam
1050 2426 1203 2489 beatitudo
1220 2428 1298 2510 opti-

135 2527 163 2571 aa
181 2531 272 2575 mum.
314 2511 368 2572 Est
387 2511 476 2590 igitur
493 2512 654 2584 beatitudo,
671 2512 742 2574 boui
762 2512 851 2575 animi
870 2513 1013 2593 operatio.
1057 2513 1208 2588 Quoniam
1227 2534 1296 2577 vero

179 2598 393 2663 beatitudinem
413 2598 524 2679 aliquid
543 2600 709 2679 perfectum
733 2618 799 2661 esse
820 2600 992 2674 statuimus,
1019 2608 1125 2681 eatque
1146 2599 1207 2663 uita
1229 2620 1295 2683 par·

179 2686 233 2749 tim
262 2686 396 2768 perfecta
422 2685 530 2765 partim
552 2686 740 2766 imperfecta,
772 2687 904 2768 itemque
924 2688 1016 2749 virtus
1039 2686 1109 2768 (alia
1131 2688 1215 2751 enim
1237 2697 1294 2751 tota

178 2774 272 2837 uirtus
295 2780 357 2847 est,
387 2772 442 2834 alia
464 2772 558 2834 instar
577 2773 768 2855 particulae),
800 2782 904 2856 estque
926 2775 1055 2856 denique
1076 2775 1216 2856 operatio
1241 2775 1293 2839 im·

177 2864 381 2945 perfectorum
401 2860 590 2941 imperfecta:
621 2860 753 2925 dicamus
778 2862 1009 2935 beatitudinem,
1040 2864 1195 2943 periectas
1222 2862 1292 2926 vitae

178 2948 385 3033 operationem
406 2949 571 3012 secundnm
594 2949 734 3011 virtutem
757 2951 929 3030 perfectam.

258 3036 346 3099 Cuius
377 3035 495 3118 quidem
526 3055 620 3116 genus
648 3056 682 3098 ac
708 3036 868 3101 terminum
891 3045 974 3100 recte
996 3055 1013 3098 a
1034 3035 1123 3099 nobis
1144 3037 1290 3111 concitati,

91 3132 304 3193 tuentestatur
332 3124 498 3187 communis
524 3143 689 3186 consensus
716 3124 858 3188 omnium.
907 3125 1040 3205 Namque
1069 3130 1100 3187 et
1122 3124 1205 3187 bena
1232 3145 1291 3189 rem

177 3231 282 3293 gerere
302 3219 332 3273 et
348 3213 426 3274 bene
448 3211 547 3274 vivere
568 3211 647 3273 idem
669 3212 786 3274 videtur
807 3220 896 3293 atque
919 3231 985 3274 esse
1007 3212 1143 3274 beatum:
1166 3230 1290 3295 quonam

175 3306 351 3381 utrumque,
381 3308 411 3361 et
432 3299 491 3361 nita
511 3298 625 3362 scilicet
648 3307 678 3361 et
698 3300 791 3373 actio,
814 3318 887 3361 usus
910 3307 956 3362 est
977 3306 1008 3360 et
1029 3298 1175 3380 operatio.
1221 3300 1289 3363 Nam

177 3387 242 3449 usui
265 3387 353 3449 etiam
375 3386 506 3455 inservit,
529 3386 553 3448 si
577 3386 661 3448 cuius
682 3387 724 3448 n's
744 3387 775 3449 in
795 3388 911 3467 agendo
935 3384 1082 3449 cernitur:
1109 3386 1197 3449 fabor
1215 3387 1289 3451 cuim

177 3473 246 3535 facit
263 3475 390 3545 frenum,
409 3473 501 3535 utitur
515 3481 613 3536 autem
633 3494 733 3555 equos.
774 3473 859 3536 Adde
877 3475 958 3556 quod
975 3472 1177 3537 existimamus
1195 3494 1290 3557 neque

143 3560 235 3622 adiei
263 3560 352 3623 unius
382 3560 477 3641 spatio
505 3561 650 3623 contineri
680 3561 909 3635 beatitudinem,
938 3579 1037 3642 neque
1069 3580 1199 3643 puerum
1227 3580 1290 3625 esse

174 3647 302 3717 beatum,
326 3665 424 3727 neque
443 3654 570 3709 aetatem
592 3667 721 3711 omnem.
764 3649 850 3711 Unde
869 3648 957 3711 etiam
974 3648 1048 3709 illud
1066 3646 1188 3711 Solonis
1204 3668 1289 3732 prae-

175 3734 287 3797 clarum
307 3741 368 3806 est,
398 3733 547 3796 neminem
568 3755 650 3807 esse,
673 3737 743 3798 dum
768 3736 894 3809 viveret,
919 3736 1039 3798 beatum
1063 3734 1288 3808 nominandum,

174 3821 229 3882 sed
248 3821 318 3882 dum
342 3821 477 3894 demum,
509 3841 598 3902 quum
626 3824 663 3883 ad
685 3824 774 3886 tinem
798 3823 1002 3904 pervenisset:
1028 3821 1102 3885 nihil
1125 3822 1208 3887 onim
1229 3842 1287 3887 non

173 3908 341 3971 absolutum
357 3909 476 3971 beatum
496 3916 556 3970 est·
584 3928 652 3971 nam
670 3928 731 3972 non
753 3918 799 3972 est
820 3918 924 3973 totum.
969 3909 1092 3972 Accedit
1108 3910 1186 3983 hoc,
1209 3910 1286 3993 quod

173 3996 292 4058 laudem
314 3995 406 4058 virtus
430 3997 468 4058 ob
487 3997 562 4059 iacta
584 3997 681 4070 habet,
705 4004 736 4059 et
758 3998 892 4061 encomia
913 4017 1015 4061 rerum
1034 4002 1186 4077 gaurum
1205 4006 1287 4061 suut·

129 4098 155 4144 ro
174 4091 356 4145 coronantur
373 4084 445 4146 item
466 4083 496 4155 ii,
520 4083 570 4165 qui
588 4091 658 4146 sunt
679 4084 817 4158 victores,
835 4104 898 4148 non
920 4085 949 4159 ii,
969 4084 1019 4168 qui
1034 4084 1155 4164 possint
1168 4085 1285 4167 qudem

173 4190 239 4233 esse
262 4170 406 4244 victores,
432 4191 489 4234 uec
510 4180 580 4233 sunt
601 4179 700 4234 tamen
723 4172 861 4235 victores.
901 4173 996 4235 Etiam
1012 4170 1172 4246 iudicium,
1196 4172 1286 4256 qualis

171 4259 296 4340 quisque
325 4259 415 4322 homo
445 4259 598 4321 habendus
624 4259 774 4331 videatur,
809 4279 844 4323 ex
876 4260 1018 4343 operibus
1043 4258 1085 4321 fic
1128 4257 1285 4323 Praeterea

172 4364 246 4425 qnae
275 4346 395 4408 tandem
427 4365 513 4408 cansa
540 4354 603 4419 est,
634 4366 725 4429 quare
751 4345 903 4410 beatitudo
933 4366 995 4410 non
1024 4346 1122 4409 soleat
1150 4342 1286 4411 landari?

168 4429 314 4496 Nimirum
336 4452 423 4497 causa
443 4435 519 4497 haec
544 4442 605 4506 est,
638 4435 717 4516 quod
739 4444 866 4517 propter
888 4437 966 4499 hanc
986 4439 1059 4500 sunt
1076 4433 1213 4517 reliqua,
1241 4433 1285 4499 vn
