2776 4836
593 215 667 292 Vll.
699 223 729 296 l.
758 224 792 296 2.

88 420 179 474 lasau.
383 407 522 482 ‚,Stccoto
538 410 658 490 pluvios
681 422 765 476 terro
786 433 879 495 oquae
899 415 1091 478 desiderot:“

181 502 212 556 et

456 630 476 658 „
487 620 526 632 -
549 597 639 666 proto
660 591 790 649 omarum
806 592 928 651 mutatio
939 596 975 650 :“
1200 632 1206 641 ,

179 667 306 769 mutatio·
326 677 425 771 autem
442 672 474 734 tit
490 673 520 735 in
542 674 732 736 contrarium.
772 675 864 737 lidem
888 675 983 738 simile
1003 677 1188 739 contendunt
1206 677 1293 742 simili

178 776 244 818 esse
266 774 433 820 immicum:
798 819 800 821 ,

298 845 398 916 „Nom
415 847 525 927 figulos
547 849 649 929 figulo,
668 851 755 931 fabro
771 851 858 931 sober
876 852 986 914 invidet
1004 855 1140 914 omnir:“

180 938 210 991 ot
228 950 302 1011 quae
319 933 355 994 ab
377 933 483 995 iisdem
505 943 679 1015 pascuntur,
699 937 864 999 adversaria
884 938 939 1000 sibi
957 938 1093 1000 animalia
1115 945 1193 1000 sunt.
1231 939 1292 1001 llae

133 1029 167 1082 to.
179 1016 270 1096 igitur
284 1021 449 1082 sententiae
464 1029 579 1083 tantum
600 1023 781 1104 discrepant,
803 1031 836 1085 ut
851 1025 900 1086 alii
916 1025 1012 1087 simile
1031 1026 1207 1106 perhibeant
1226 1046 1292 1088 esse

180 1104 307 1167 amicum
331 1116 361 1169 et
384 1109 566 1171 contrarium
587 1111 804 1173 adversarium:

294 1193 405 1266 „Quod
424 1203 519 1259 motos
536 1209 587 1271 est,
610 1198 676 1260 boio
694 1218 810 1279 semper
831 1202 971 1280 infestum
992 1203 1090 1262 minos

298 1281 436 1346 Obstitit:
461 1287 539 1347 oudo
562 1285 674 1348 hostilia
696 1290 818 1367 emerpit
835 1289 930 1349 diea.“

179 1366 257 1428 Loca
280 1368 367 1431 etiam
398 1370 499 1433 dissita
527 1371 766 1436 adversariorum
794 1382 880 1436 sunt:
903 1373 1030 1436 amicitia
1042 1394 1123 1446 nero
1143 1374 1175 1436 in
1198 1393 1291 1456 unum
1335 1401 1342 1407 ·

132 1463 161 1506 ²⁵
181 1471 288 1533 cogere
318 1457 441 1520 videtur.
491 1459 546 1521 dlii
568 1479 639 1522 vero
670 1480 745 1541 quae
770 1461 916 1523 contraria
946 1461 1022 1536 sint3
1059 1481 1093 1523 ea
1114 1461 1206 1525 amica
1226 1481 1294 1531 esee
1353 1490 1361 1496 ·

178 1544 380 1608 contendunt:
401 1553 489 1626 atque
511 1546 677 1615 Heraclitus
692 1549 886 1629 reprehendit
901 1549 994 1621 illum,
1012 1549 1063 1630 qui
1079 1551 1154 1611 haec
1170 1549 1292 1620 cecinit:
1310 1606 1314 1612 .

143 1683 145 1686 ,
253 1630 323 1702 „Ec
344 1634 442 1695 aruum
463 1646 549 1714 atque
563 1635 713 1697 bominum
729 1649 836 1716 pereat
856 1637 1003 1700 discordia
1023 1644 1139 1699 coetu.“

178 1717 280 1797 Neque
300 1719 379 1782 enim
402 1740 468 1783 esse
483 1722 677 1796 harmoniam,
697 1723 754 1785 nisi
773 1731 853 1787 esset
874 1731 993 1787 acutum
1010 1732 1098 1805 atque
1116 1742 1214 1807 grave,
1237 1742 1293 1787 ne-

179 1823 237 1884 que
263 1825 329 1868 esse
357 1808 509 1884 animalia,
541 1809 599 1871 nisi
627 1819 706 1872 esset
733 1830 796 1873 mas
823 1820 912 1892 atque
934 1811 1061 1885 lomina,
1094 1830 1172 1892 quae
1192 1819 1295 1878 essem

179 1894 334 1955 contraria.

242 1981 303 2043 llae
326 1993 396 2043 sunt
417 1984 506 2061 igitur
525 1984 600 2046 duae
623 1984 661 2046 de
683 1984 808 2046 amicitia
830 1985 1006 2058 sententiae,
1028 1985 1116 2048 nimis
1137 1985 1205 2049 illae
1224 1986 1292 2047 mri-

131 2082 160 2126 ao
180 2086 283 2130 versae
302 2078 390 2148 atque
413 2071 492 2132 inter
510 2090 544 2132 se
562 2071 783 2150 discrepantes:
806 2073 860 2134 sed
877 2076 948 2133 sunt
970 2073 1058 2134 etiam
1080 2072 1153 2134 aliae
1171 2073 1207 2134 ad
1225 2092 1290 2134 mo-

178 2173 244 2217 rum
267 2157 432 2227 doctrinam
453 2159 545 2236 magis
568 2158 754 2238 pertinentes
777 2168 807 2220 et
826 2178 893 2220 cum
909 2159 1101 2239 opinionibus
1121 2160 1291 2240 plerorum-

86 2313 99 2322 ρ
180 2261 238 2321 que
260 2243 413 2304 hominurn
440 2245 656 2326 conspirantes.
698 2246 840 2308 Nimirum
864 2246 912 2308 alii
933 2255 1044 2325 negant
1066 2265 1174 2327 pravos
1194 2248 1291 2309 homi-

179 2349 233 2390 nes
256 2349 346 2410 posse
367 2331 423 2392 sibi
446 2351 512 2394 esse
534 2333 662 2406 amicos,
683 2351 717 2394 ac
739 2333 836 2396 bonos
855 2333 1060 2396 tantummodo
1079 2335 1182 2408 dicunt
1201 2353 1291 2414 posse

179 2418 235 2479 sibi
260 2437 325 2479 esse
344 2437 445 2480 caros:
464 2420 528 2481 aliis
547 2439 617 2482 vero
634 2421 770 2501 ineptum
794 2421 920 2495 ridetur,
942 2421 967 2481 si
985 2429 1095 2484 matres
1112 2441 1173 2482 uon
1192 2433 1291 2483 ament

179 2505 289 2567 llberos
312 2525 398 2568 suos:
420 2526 511 2586 quum
531 2508 708 2588 praesertim
731 2509 818 2570 etiam
840 2510 870 2571 in
893 2509 996 2571 bestiis
1015 2528 1146 2571 amorem
1171 2516 1198 2570 et
1218 2510 1291 2570 arni-

180 2593 275 2653 citiam
292 2594 397 2663 ‘inesse
419 2604 577 2675 appareat:
606 2615 675 2657 nam
703 2604 830 2658 mortem
857 2596 975 2676 quidem
1004 2605 1085 2658 certe
1111 2615 1167 2676 pro
1190 2596 1291 2657 liberis

121 2691 161 2734 ⁴aa
180 2680 263 2741 obire
286 2700 347 2742 non
369 2691 516 2747 recusant
555 2683 626 2744 Aliis
645 2702 716 2744 vero
735 2681 832 2746 solum
851 2685 890 2757 id,
915 2685 996 2764 quod
1015 2685 1086 2745 utile
1103 2684 1150 2756 sit,
1174 2683 1291 2746 videtur

179 2786 244 2829 esse
267 2768 410 2830 amicum:
429 2770 459 2830 id
480 2778 578 2832 autem
597 2771 725 2851 probari
740 2790 785 2844 eo,
806 2772 885 2851 quod
908 2771 990 2833 utilia
1013 2777 1156 2850 appetant
1175 2764 1291 2845 omnes,

148 2883 150 2888 ¹
179 2854 292 2916 inutilia
323 2864 422 2918 autem
445 2857 531 2919 etiam
552 2859 589 2935 ‘la
610 2858 787 2938 corporibus
808 2858 879 2935 s'uis]
909 2857 1065 2929 abiiciunt,
1092 2862 1127 2918 ut
1153 2858 1291 2919 Socrates

179 2947 271 3003 senex
301 2943 452 3005 dictitabat
482 2945 602 3006 salivam
626 2954 656 3005 et
680 2944 803 3024 capillos
831 2953 861 3004 et
888 2944 1065 3022 unguiculos
1094 2952 1193 3005 sectos
1217 2945 1292 3006 abii·

181 3029 281 3091 ciens:
309 3039 339 3092 et
359 3031 519 3111 particulas
540 3033 676 3112 corporis
697 3031 818 3093 inutiles
839 3049 896 3092 nos
917 3031 1060 3102 abiicere,
1087 3039 1117 3091 et
1139 3038 1292 3110 postremo

91 3117 269 3179 rael-otiam
290 3137 400 3198 corpus
421 3119 531 3198 ipsum,
553 3127 704 3180 mortuum
727 3118 855 3180 scilicet:
883 3136 951 3178 nam
971 3117 1075 3179 inutile
1098 3136 1164 3178 esse
1182 3137 1293 3198 corpus

177 3204 302 3266 mortui:
333 3206 439 3286 quibus
457 3225 527 3268 vero
549 3207 621 3268 utile
640 3207 791 3278 videatur,
820 3205 857 3266 ab
874 3204 919 3266 his
937 3204 969 3265 id
987 3205 1149 3278 asservari,
1172 3212 1206 3266 ut
1227 3224 1293 3266 mos

179 3298 223 3352 est
252 3291 472 3373 Aegyptiorum.
532 3294 613 3356 llaec
640 3293 739 3356 omnia
767 3292 823 3354 sibi
853 3292 992 3353 videntur
1027 3310 1094 3353 esse
1129 3292 1292 3353 contraria:

178 3397 307 3460 namque
330 3389 360 3441 et
377 3380 472 3442 simile
490 3381 578 3443 simili
598 3381 701 3443 inutile
725 3390 779 3453 ost
801 3388 831 3441 et
853 3378 1045 3440 contrarietas
1065 3397 1081 3440 a
1100 3379 1293 3441 similitudine

146 3473 161 3514 ⁵
181 3466 269 3528 distat
290 3466 463 3550 plurimum,
484 3476 513 3530 et
536 3467 716 3530 contrarium
738 3466 958 3529 inutilissimum
976 3474 1022 3527 est
1037 3465 1202 3527 contrario:
1220 3485 1293 3527 cou-

179 3553 302 3614 trarium
330 3555 408 3617 enim
439 3556 620 3618 contrarium
647 3553 841 3634 corrumpit'
880 3553 1037 3615 Praeterea
1071 3561 1157 3625 sunt,
1187 3553 1293 3633 quibus

180 3659 354 3721 comparare
376 3642 432 3704 sibi
456 3643 582 3706 amicum
602 3662 651 3704 res
674 3643 809 3704 videatur
829 3640 981 3702 facillima:
1011 3641 1204 3711 scutellam,
1227 3640 1294 3719 qui·

179 3728 236 3790 bus
256 3746 380 3791 cernere
398 3729 525 3791 amicum
546 3738 737 3810 mentemque
766 3730 828 3791 eius
851 3728 1023 3808 perspicere
1041 3746 1126 3789 rarae
1147 3727 1312 3789 solicitatis*

180 3834 247 3877 esse
267 3835 366 3896 neque
390 3817 454 3878 sine
477 3817 619 3896 singulari
637 3819 773 3879 fortunae
792 3815 937 3877 beneficio
953 3815 1018 3876 lieri
1037 3833 1129 3895 posse
1143 3814 1292 3880 rideatur:

181 3903 291 3965 etenim
314 3903 366 3976 iis,
396 3904 539 3984 quisunt
564 3905 594 3966 in
620 3905 711 3966 rebus
729 3902 919 3975 florentibus,
951 3901 1045 3962 videri
1065 3901 1151 3962 amici
1171 3901 1294 3981 cupiunt

180 4008 293 4052 omnes.
338 3990 394 4052 ntii
424 4010 494 4052 vero
511 4010 550 4053 ne
567 3992 614 4054 his
637 3991 771 4073 quidem,
796 3989 846 4069 qni
864 3991 894 4051 in
918 3988 1080 4050 amicorum
1102 3986 1192 4048 rebus
1212 3987 1294 4065 duris

137 4087 163 4131 ¹⁰
183 4085 212 4140 et
230 4078 362 4140 adversis
385 4085 519 4159 perstent
543 4098 577 4140 ac
599 4085 811 4159 perseverent,
842 4075 995 4137 fidendum
1020 4093 1085 4136 esse
1111 4073 1292 4135 existimant:

179 4165 247 4227 illos
269 4166 349 4229 enim
372 4165 475 4227 lallere
496 4173 525 4227 et
552 4166 709 4237 simulare,
736 4171 770 4226 ut
792 4181 847 4242 per
869 4161 1095 4223 familiaritatem
1115 4161 1293 4222 miserorum
1331 4171 1337 4176 “

182 4271 285 4314 rursus
306 4252 435 4315 lelioium
454 4253 610 4315 amicitiam
628 4252 684 4313 sibi
707 4258 889 4330 comparent

157 4331 181 4402 2
261 4340 363 4422 ltaque
391 4342 595 4421 quaerendum
625 4347 670 4402 est
691 4357 749 4419 qua
770 4337 884 4400 ratione
915 4343 945 4398 et
974 4335 1085 4415 optime
1111 4334 1294 4415 explicemus

136 4437 163 4483 ¹⁵
180 4427 234 4492 hos
253 4427 425 4513 opiniones,
453 4437 481 4493 et
501 4428 701 4494 dubitationes
725 4433 813 4508 atque
840 4423 1038 4506 repugnantia
1057 4421 1215 4495 solvamus.
1260 4421 1292 4486 ld
