2784 4838
154 250 280 300 xxvut

150 414 305 477 titudinem
335 421 457 476 strenue
478 414 621 488 colenda,
649 433 755 478 verum
785 413 882 476 affinis
903 415 992 477 etiam
1014 412 1071 494 ipsi
1098 413 1198 476 virtuti
1225 415 1283 477 sit:
1312 416 1348 480 de

150 501 330 564 continentia
350 501 502 582 aptissimo
517 502 584 563 loco
603 502 762 583 exponitur
782 501 889 563 libriZ
909 500 1053 582 capitibus
1076 495 1192 573 1-11,
1214 501 1245 564 id
1270 504 1348 582 quod

149 587 333 652 auctoriam
353 597 440 650 antea
460 589 638 668 promiserat
647 586 699 666 29).
743 589 831 669 Atqui
854 587 1035 651 continentia
1057 587 1189 650 cernitur
1212 588 1243 651 in
1267 608 1348 652 com·

148 675 307 757 poscendis
331 676 540 757 cupiditatibus
561 684 591 737 ct
612 677 643 737 in
667 695 702 738 ea
723 675 855 749 ratione,
883 694 940 756 qua
968 677 1094 737 honeste
1119 676 1209 744 homo
1234 676 1349 739 truatu

148 762 358 843 voluptatibus.
388 763 489 843 ltaque
505 764 640 843 sequitur
654 757 688 825 ut
702 774 787 844 parto
806 763 897 824 altera
911 762 979 824 libri
992 763 1018 821 Ζ
1029 758 1194 842 (capiu'bus'
1205 758 1347 840 12-15)

149 850 332 912 examinetur
353 850 439 910 tertia
449 845 491 923 ³⁰)
516 851 554 911 de
576 851 632 912 vita
651 852 736 912 beata
756 850 866 931 opinio,
888 857 1027 931 quaeest
1048 848 1177 923 illorum,
1199 850 1250 930 qui
1265 869 1348 912 sum-

148 956 229 998 mum
251 938 365 998 bonum
383 936 482 998 dicant
500 956 566 999 esse
588 939 786 1019 voluptatem:
813 937 850 998 de
874 956 930 1017 qua
954 955 1020 998 esse
1041 935 1097 997 sihi
1118 936 1177 997 hoc
1194 936 1262 1017 ipso
1281 936 1347 999 loco

149 1024 362 1104 disputandum
384 1024 581 1104 philosophus
608 1025 673 1104 ipsc
695 1024 752 1086 iam
776 1030 862 1085 antea
879 1019 1155 1103 significaveratfl).
1187 1023 1347 1098 ¹Quoniam

148 1119 246 1199 auteur
270 1111 359 1171 bomo
383 1111 487 1171 beatus
510 1120 577 1190 eget
599 1111 685 1172 etiam
707 1110 794 1173 bonis
818 1110 993 1190 quibusdam
1012 1105 1213 1189 externis³²)‚
1242 1130 1348 1173 neces·

147 1197 225 1259 sario
250 1196 408 1258 dicendum
429 1206 474 1260 est
497 1199 585 1261 ctiam
609 1199 645 1260 dc
670 1199 750 1259 bono
775 1196 906 1259 omnium
928 1199 1078 1259 bonorum
1100 1205 1292 1260 externorum
1320 1208 1348 1262 et

147 1285 275 1346 maximo
296 1292 326 1345 et
342 1282 555 1348 iucundissimo
565 1282 609 1366 ³³)
637 1285 802 1365 eodemque
820 1284 932 1346 homini
953 1286 1041 1346 beato
1066 1284 1188 1346 omnino
1208 1303 1348 1348 neccssa-

147 1372 191 1433 rio
202 1367 261 1448 ³⁴),
296 1370 354 1431 hoc
377 1380 423 1433 cst
444 1373 482 1434 de
512 1372 654 1446 amicitia,
684 1371 860 1453 praesertim
881 1391 972 1452 quum
994 1370 1119 1433 amicitia
1146 1379 1257 1433 tantm
1281 1392 1346 1436 cum

147 1459 254 1521 virtute
273 1459 480 1537 cognationem
499 1460 621 1532 habeat,
645 1468 679 1521 ut
695 1460 760 1541 ipsa
783 1477 879 1539 paene
902 1455 1048 1535 virtus⁸⁵)
1070 1458 1213 1537 quaedam
1236 1468 1268 1521 et
1285 1461 1348 1524 lere

147 1546 240 1608 virtus
260 1546 513 1626 praestantissima
524 1542 567 1622 16)
581 1565 654 1608 esse
672 1547 816 1609 videatur.
862 1546 961 1621 Quare
980 1546 1017 1608 de
1035 1545 1162 1608 amicitia
1180 1546 1349 1628 inputatur

146 1633 223 1696 libro
251 1633 289 1692 H.
342 1633 403 1694 lam
433 1633 464 1694 in
494 1633 642 1715 principio
669 1634 737 1696 libri
767 1632 794 1693 Θ
819 1651 895 1713 quae
929 1632 1144 1714 disputationes
1173 1633 1346 1711 exciderint

145 1721 315 1800 ignoratur:
340 1739 416 1801 qnae
438 1729 554 1782 servata
576 1722 662 1783 nobis
684 1721 771 1783 huius
794 1720 861 1782 libri
880 1719 975 1800 capita
993 1728 1072 1794 suut,
1093 1739 1127 1782 ea
1145 1730 1228 1783 recte
1242 1719 1347 1785 videnss

145 1818 194 1870 tur
209 1816 240 1869 et
261 1827 316 1869 suo
338 1808 406 1870 loco
428 1827 494 1870 csse
514 1809 620 1888 posita.
664 1807 737 1869 Nam
757 1807 795 1869 de
817 1808 925 1870 virtute
947 1807 1099 1888 plerisque
1113 1807 1172 1870 iem
1194 1809 1346 1889 expositis,

144 1914 205 1958 uon
234 1895 336 1976 inepte
360 1895 398 1957 de
427 1903 509 1957 recto
536 1914 592 1957 usu
615 1903 645 1957 et
668 1895 706 1956 de
727 1896 822 1956 abusu
841 1893 956 1957 virtutis
978 1894 1130 1974 quaeritur
1152 1914 1216 1976 cap.
1237 1891 1266 1958 1.
1311 1898 1348 1960 Et

146 1983 351 2062 quinione,
382 1981 488 2061 quibus
511 1991 578 2063 eget
600 1982 839 2056 ermenbertus,
869 1981 977 2062 partim
995 1981 1112 2044 interna
1133 1982 1208 2056 sint,
1238 1983 1345 2063 partim

146 2075 415 2140 externaexterna
438 2077 536 2131 autem
558 2089 619 2132 non
638 2070 668 2130 in
691 2068 818 2130 hominis
840 2068 934 2150 ipsius
956 2076 1104 2150 potestate
1119 2070 1189 2142 sint,
1209 2080 1239 2133 et
1255 2089 1346 2150 quum

145 2154 322 2235 quibusdam
344 2155 495 2217 beatitudo
525 2152 698 2235 fortunent
721 2155 784 2217 dari
807 2156 954 2217 videatur:
983 2156 1020 2218 dc
1041 2155 1172 2232 ratione,
1203 2174 1280 2239 quae
1299 2159 1345 2221 in·

146 2241 281 2303 terccdat
301 2240 379 2302 inter
402 2234 602 2319 εὐδαιμονίαν
621 2251 651 2304 οι
669 2235 825 2322 εὐτυχίαν,
846 2241 1013 2322 disputatur
1034 2261 1098 2324 cap.
1121 2240 1151 2306 2.
1188 2244 1345 2310 Postremo

145 2327 286 2409 quoniam
308 2327 334 2388 is
357 2329 463 2401 homo,
495 2347 583 2408 quem
605 2329 770 2408 perlectum
793 2328 1004 2403 informamus,
1032 2331 1153 2410 optimis
1180 2332 1345 2415 quribuquc

145 2415 242 2488 bonis,
261 2422 320 2476 tam
339 2412 464 2477 internis
483 2434 570 2494 quam
593 2415 731 2488 externis,
754 2415 854 2477 affluat
875 2434 999 2481 necesse
1021 2425 1082 2479 est:
1102 2418 1199 2500 capite
1212 2429 1344 2484 extrerm

145 2502 183 2564 de
207 2501 257 2563 tali
279 2501 416 2575 homine,
468 2503 497 2563 ui
515 2502 564 2564 illa
586 2503 665 2566 felici
688 2502 857 2565 conditione
880 2502 928 2576 sit,
951 2504 1129 2584 exponitur:
1157 2506 1188 2568 in
1209 2526 1269 2589 quo
1288 2509 1344 2571 lro·
1371 2554 1373 2558 ·

145 2589 226 2650 mine
249 2589 347 2650 elucet
371 2582 392 2666 ἡ
415 2521 647 2668 κα1οαάγαθία,
671 2589 755 2671 quasi
776 2589 918 2652 virtutum
937 2591 1069 2653 omnium
1088 2593 1239 2668 cumulus,
1270 2613 1343 2676 quus

143 2667 362 2755 καλοκάγαθία
384 2675 477 2737 virtus
500 2684 546 2738 est
565 2677 628 2738 eius
646 2675 790 2750 hominis,
821 2677 871 2757 qui
893 2678 1045 2758 praeditus
1066 2680 1211 2760 sapientia
1233 2689 1264 2743 et
1284 2683 1343 2745 vir·

144 2769 224 2834 tute,
253 2763 311 2824 hoc
341 2769 442 2824 estet
471 2763 719 2826 intellectualibus
750 2763 907 2826 virtutibus
930 2772 960 2826 et
988 2766 1166 2842 moralibus,
1197 2768 1343 2851 simulque

144 2855 247 2947 anctus
272 2856 302 2910 et
325 2856 446 2912 ornatus
464 2849 551 2913 bonis
573 2851 719 2924 externis,
749 2850 900 2931 sapienter
920 2851 1009 2914 bonis
1036 2854 1165 2917 externis
1195 2855 1282 2918 etita
1301 2856 1341 2920 uti
1382 2844 1387 2951 Ι

144 2943 233 3009 serat,
262 2943 296 2997 ut
313 2936 402 2998 nullis
425 2956 528 3000 eorum
550 2937 698 3000 illecebris
719 2937 757 3000 ab
781 2958 833 3012 eo,
863 2939 901 3000 ad
924 2940 1004 3020 quod
1030 2959 1063 3003 se
1086 2950 1187 3005 natum
1211 2961 1278 3005 esse
1296 2944 1343 3006 in·
1385 2974 1387 2979 ·

143 3110 331 3190 antiquius
351 3130 453 3192 quam
475 3122 516 3176 ut
535 3113 643 3175 deum
667 3112 952 3194 contempletur
971 3122 1082 3194 atque
1100 3116 1197 3177 hunc
1218 3125 1341 3181 sancte

144 3205 180 3258 et
199 3205 329 3260 mente
355 3197 508 3279 pura³⁸)
531 3197 706 3278 colat³⁹):
736 3200 844 3280 quoin
867 3198 966 3261 studio
987 3199 1138 3279 perlectae
1160 3219 1267 3266 norma
1288 3207 1343 3269 ho·

142 3284 266 3346 neentis
289 3287 421 3349 cernitur
431 3283 482 3364 ⁴⁰).
527 3287 590 3348 Hac
617 3288 707 3366 igitur
727 3278 945 3364 καλοκάγαθίᾳ
967 3285 1018 3364 qui
1048 3285 1200 3365 praeditus
1225 3300 1289 3366 est,
1317 3293 1341 3357 ii

142 3371 287 3452 proxime,
309 3382 453 3452 qnantum
471 3373 591 3452 quidem
609 3374 700 3435 homo
722 3377 831 3452 potest,
853 3370 974 3431 abesto
995 3371 1187 3436 beatibrdine.
1228 3377 1341 3452 Qnibru

143 3458 284 3539 expositis
311 3460 402 3520 rebus
428 3467 510 3521 recte
538 3458 612 3519 hacc
638 3451 882 3534 beatitudiuis⁴¹)
910 3454 1069 3537 disputatio
1107 3462 1248 3528 conclusa
1276 3486 1340 3531 esee

142 3543 259 3606 videtur
275 3551 363 3624 atque
385 3544 527 3606 absoluta.

176 3727 223 3788 29)
241 3725 307 3778 Vide
327 3743 351 3793 p.
371 3726 413 3792 53,
435 3726 546 3795 16-17,
564 3745 587 3795 p.
607 3728 649 3790 73,
667 3727 693 3791 b,
704 3726 728 3780 3.
789 3728 835 3792 at)
855 3725 920 3779 Vide
941 3744 967 3795 p.
987 3729 1048 3794 236,
1070 3731 1096 3794 6,
1119 3731 1131 3786 1
1151 3747 1209 3798 urg.

177 3794 225 3862 36)
243 3792 308 3846 Vide
327 3812 352 3862 p.
376 3797 401 3860 5,
421 3795 533 3848 36-33.
562 3813 587 3863 p.
608 3798 633 3861 5,
654 3795 680 3860 b,
701 3796 727 3847 l.
789 3797 834 3861 35)
854 3796 919 3848 Vide
938 3813 963 3864 p.
984 3798 1041 3862 136,
1061 3799 1105 3854 28.

144 3863 401 3930 p.8‚33-p.b‚
423 3864 448 3930 b,
469 3865 622 3930 1.p.e,t.
643 3862 727 3931 lull,
789 3867 833 3931 36)
851 3863 916 3917 Vide
936 3882 961 3933 p.
983 3867 1041 3930 tot,
1060 3868 1104 3923 31.
1122 3884 1149 3935 p.
1169 3870 1228 3941 196,
1251 3892 1277 3928 n.
1295 3879 1337 3933 22.

145 3932 310 4068 “illius
330 4016 356 4067 p.
378 3999 420 4065 το,
441 4000 467 4064 u,
489 4001 568 4055 e-s.
587 4016 610 4067 p.
633 4001 675 4066 ιο,
694 4001 728 4056 ee
789 3933 1111 4070 111111’μ1ο111’11’

143 4081 199 4134 sqq.
220 4075 290 4134 etp.
312 4068 353 4133 12,
370 4068 413 4121 37.
433 4069 512 4135 Mb,
532 4069 644 4122 34-35.
664 4070 726 4136 pi,
789 4072 821 4123 36
850 4069 917 4154 Vidn
938 4087 963 4137 p.
981 4072 1042 4135 261,
1061 4072 1125 4147 2⁰·¹

143 4135 307 4336 ῗῧίζὲῑθζζρἑ
325 4152 349 4339 ἱ
369 4136 486 4328 :3⁰22
510 4137 583 4189 Am
608 4138 668 4189 'du'
695 4137 726 4188 ad
753 4138 922 4332 26Ξ11ῆ111111
941 4139 1287 4272 1ου1οὓιῧ’82ο11αίοοιιιο6οοί
1311 4209 1343 4288 μ’

177 4337 306 4408 suune
324 4307 351 4409 ρῖ
370 4311 527 4411 1o⁷,'au'l.
807 4312 814 4341 '
871 4292 897 4328 m

625 4478 831 4493 -u-u-u
