2784 4838
588 201 647 279 ln
677 203 709 287 1,.
735 203 772 276 2.

84 406 173 459 tuoe
375 395 529 471 „uerno
548 396 603 465 uu
621 398 695 478 cepe
714 395 814 478 paedor
835 400 928 463 -“.

174 491 202 545 et

125 583 153 628 ω
323 571 527 654 „Polydamas
544 576 660 654 primus
678 575 761 652 turpi
776 591 823 635 me
845 571 910 634 labe
930 571 1074 635 notabit.“

168 660 264 743 Atque
282 661 356 723 haee
377 662 496 741 quidem
519 661 614 725 civilis
633 660 776 723 fortitudo
798 667 854 721 est.
895 659 957 721 Sed
978 679 1048 723 uera
1069 658 1212 743 fortitudo
1231 677 1286 720 ne-

171 768 229 829 que
252 749 325 810 baee
346 757 393 811 est
413 770 511 831 neque
532 769 650 822 earum,
675 767 748 829 quas
770 767 860 828 supra
882 747 1103 820 recensuimus,
1132 747 1208 821 nlla,
1232 747 1287 808 sed

171 837 283 899 liabent
303 836 536 910 similitudinem,
556 846 588 900 ut
610 837 698 899 etiam
716 835 766 898 illa
784 837 924 906 ferarum,
945 854 1021 914 quae
1040 835 1084 897 ira
1106 836 1199 898 elatae
1222 834 1287 916 pla-

172 924 216 1002 gis
236 924 353 986 obuiam
373 934 473 987 iniunt.
518 926 620 1007 Neque
648 925 727 986 enim
749 931 909 1005 propterea
932 923 1067 1003 periculo
1087 923 1287 985 resistendum

173 1020 228 1085 est,
252 1013 331 1091 quod
350 1021 447 1075 metus
467 1021 568 1076 estne
587 1014 667 1075 bona
685 1014 762 1075 sarna
779 1018 891 1092 pereat,
911 1030 1009 1091 neque
1029 1011 1066 1073 ob
1086 1011 1169 1084 bam,
1188 1028 1286 1090 neque

127 1112 154 1155 aa
174 1100 254 1179 quod
276 1108 306 1161 te
330 1120 392 1161 non
415 1103 512 1165 eredis
533 1103 564 1163 in
585 1101 645 1164 isto
665 1099 800 1181 periculo
822 1098 999 1162 moriturum
1024 1118 1106 1173 esse,
1133 1104 1185 1161 aut
1206 1098 1286 1178 quod

172 1188 210 1248 ad
237 1195 268 1249 te
295 1190 474 1253 servandum
501 1189 737 1252 circumvallatus
764 1186 919 1268 praesidiis
951 1204 1000 1249 es:
1038 1187 1078 1250 ita
1106 1186 1185 1249 enim
1215 1185 1287 1248 nihil

171 1275 294 1336 omnino
325 1276 457 1339 terribile
486 1297 551 1339 esse
582 1277 725 1339 videatur.
773 1275 882 1337 Verum
906 1274 1045 1355 quoniam
1075 1274 1173 1337 omnis
1193 1274 1286 1336 virtus

170 1363 322 1425 uoluntate
344 1364 505 1427 deliberata
531 1366 634 1427 nititur
661 1363 754 1444 (quod
777 1382 836 1442 quo
858 1362 948 1424 modo
971 1363 1102 1425 dieamus
1125 1381 1215 1443 supra
1235 1382 1286 1424 es·

169 1450 340 1531 posuimus,
368 1472 459 1533 quum
485 1453 692 1515 contendimus
712 1452 789 1514 bano
815 1451 913 1513 faeere
941 1457 976 1512 ut
999 1451 1038 1512 ob
1061 1458 1175 1513 eertum
1199 1450 1286 1532 quid·

171 1540 255 1611 dam,
285 1536 316 1601 id
339 1547 384 1601 est
404 1542 443 1602 ob
461 1541 568 1613 finem,
596 1541 634 1601 ob
657 1541 834 1613 honestum,
858 1538 956 1600 omnia
979 1537 1075 1600 officia
1093 1537 1285 1619 seligantur):

123 1643 154 1687 ao
171 1633 296 1706 apparet
324 1628 528 1691 fortitudinem
552 1647 684 1708 quoque,
712 1647 804 1706 quum
822 1627 861 1689 sit
880 1626 972 1689 virtus
996 1628 1158 1708 quaedam,
1187 1627 1285 1689 faeere

170 1723 203 1777 nt
222 1713 344 1777 alicuius
365 1717 457 1795 gratia
476 1716 618 1778 terribilia
635 1715 855 1777 sustineantur:
876 1733 946 1793 ergo
966 1734 1064 1794 neque
1085 1715 1123 1776 ob
1145 1714 1286 1795 ignoran-

171 1803 239 1863 tiam
259 1801 341 1880 (nam
363 1813 396 1866 ut
418 1814 499 1866 recte
517 1805 616 1886 potius
635 1803 799 1865 iudicemus
821 1803 915 1864 uirtus
936 1803 1038 1882 ellieit)
1057 1822 1155 1883 neque
1173 1802 1212 1865 ob
1232 1822 1285 1864 vo·

168 1891 330 1969 luporem,
365 1893 418 1953 sed
446 1892 512 1972 quia
541 1894 701 1954 honestum
731 1899 790 1952 est:
828 1909 898 1952 nam
926 1890 950 1952 si
978 1890 1126 1953 sustinere
1153 1890 1285 1970 peribula

170 1979 313 2057 quaedam
340 1998 402 2041 non
424 1982 600 2053 honestum,
631 1979 685 2041 sed
707 1978 846 2043 insanum
865 1977 963 2051 luerit,
984 1979 1028 2041 vir
1047 1978 1131 2040 fortis
1153 1979 1202 2040 illa
1223 1996 1284 2041 non

170 2066 343 2129 sustinebit:
365 2068 404 2129 ita
431 2068 510 2129 enim
530 2077 619 2148 turpe
643 2066 707 2129 erit

251 2153 284 2215 ln
310 2153 416 2234 quibus
440 2155 529 2235 igitur
551 2155 694 2217 fortitudo
717 2155 906 2219 mediocritas
928 2155 982 2228 sit,
1014 2164 1043 2219 et
1069 2174 1195 2237 quorum
1221 2175 1285 2218 me·

122 2255 150 2297 as
172 2240 310 2304 diocritas
332 2242 385 2316 sit,
420 2252 450 2305 et
470 2245 507 2306 ob
531 2263 603 2324 quas
627 2261 730 2305 causas
749 2242 938 2307 mediocritas
953 2243 1008 2316 sit,
1040 2251 1070 2306 et
1091 2263 1166 2326 quae
1185 2243 1228 2306 vis
1247 2243 1285 2306 sit

171 2348 273 2391 rerum
296 2331 481 2405 terribilium,
505 2333 705 2412 exposuimus.

145 2413 168 2480 2
256 2417 317 2479 lam
343 2420 379 2480 de
406 2421 601 2500 temperantia
632 2427 662 2482 et
687 2419 916 2568 i'ptemperantia
945 2421 1111 2501 accuratius
1143 2419 1283 2487 dieamus.

167 2503 280 2566 Dieitur
302 2515 401 2568 autem
431 2508 634 2587 intemperans
660 2527 689 2569 m
723 2507 759 2569 tis
784 2508 891 2570 modis.
926 2507 1059 2571 Primum
1080 2507 1284 2589 intemperans

168 2592 337 2666 dietatis,
370 2595 419 2674 qni
444 2613 505 2657 non
523 2603 725 2676 temperatus,
753 2603 786 2657 ut
804 2596 843 2657 ita
864 2596 976 2671 dicam,
1008 2616 1065 2675 neo
1086 2604 1206 2658 sanatus
1230 2605 1285 2668 est,

75 2680 257 2749 imminuti
278 2681 410 2745 insectus
432 2683 548 2756 dieitur,
567 2683 618 2764 qui
640 2702 701 2745 non
725 2691 769 2744 est
790 2691 901 2756 sectus,
921 2684 1083 2765 etquidem
1100 2693 1158 2747 mm
1180 2683 1215 2757 is,
1235 2684 1285 2765 qui

166 2776 267 2848 potest
285 2771 389 2843 serari,
413 2790 499 2849 quam
522 2771 547 2833 is
569 2771 620 2850 qui
637 2770 730 2833 senari
750 2790 811 2832 non
835 2779 951 2851 potest:
974 2772 1122 2835 insectum
1138 2779 1184 2835 est
1205 2772 1284 2834 enim

168 2864 198 2918 et
218 2857 266 2928 id,
292 2859 371 2936 quod
394 2878 455 2920 non
476 2867 575 2939 potest
596 2858 708 2932 secari,
728 2867 757 2922 et
778 2858 828 2929 id,
851 2860 932 2940 quod
954 2867 1055 2939 potest
1076 2860 1206 2941 quidem,
1230 2860 1283 2922 sed

167 2963 229 3007 non
257 2954 302 3006 est
324 2953 454 3008 sectum:
486 2947 593 3010 eodem
617 2947 757 3011 modoet
777 2945 1009 3026 intemperatum
1031 2946 1139 3009 dicitur
1163 2953 1223 3011 tam
1243 2947 1283 3019 id,

168 3032 248 3111 quod
270 3053 332 3094 non
355 3042 455 3113 potest
473 3035 722 3115 temperationem
740 3034 771 3094 in
794 3052 827 3095 so
848 3034 1011 3114 recipere‚-
1024 3052 1111 3113 quam
1133 3034 1181 3107 id,
1205 3035 1285 3114 quod

134 3127 268 3199 spotest
289 3120 426 3200 quidem,
450 3124 504 3185 sed
527 3143 590 3184 non
612 3129 656 3183 est
681 3129 878 3200 temperatum
897 3121 927 3183 in
950 3120 986 3182 iis
1008 3121 1154 3201 peceatisa
1176 3122 1284 3201 quibus

167 3206 309 3268 evitandis
328 3217 410 3270 reete
433 3211 492 3289 agit
510 3211 554 3271 vir
575 3218 762 3289 temperans:
792 3227 850 3287 quo
869 3208 1034 3288 significatu
1058 3209 1095 3273 de
1117 3209 1219 3290 pueris
1237 3209 1284 3270 in·

168 3296 399 3374 temperantibus
423 3298 589 3376 loquimur:
624 3297 654 3358 hi
681 3295 759 3358 enim
789 3315 825 3359 er
855 3296 904 3358 tali
927 3296 1155 3377 intemperantia
1172 3316 1283 3359 nomen

166 3384 295 3445 trabunt.
332 3383 445 3445 Deinde
468 3386 525 3447 alio
547 3386 637 3447 modo
660 3384 894 3464 intemperantes
917 3384 1056 3447 dicuntur
1073 3384 1113 3458 ti,
1142 3384 1284 3463 quisunt

165 3478 216 3531 aut
230 3488 318 3548 aegre
334 3472 480 3533 sanabiles
496 3482 547 3535 aut
562 3473 643 3534 nulla
661 3471 782 3534 omnino
800 3471 990 3549 eastigatione
1002 3471 1157 3535 sanabiles.
1185 3473 1283 3547 Quum
1373 3540 1379 3549 ,

166 3577 237 3619 uero
261 3548 398 3637 pluribus
420 3560 516 3622 modis
541 3560 655 3622 dicatur
673 3559 911 3640 intemperantia,
934 3560 993 3621 boe
1015 3558 1135 3639 quidem
1157 3579 1283 3641 appara-

122 3659 148 3704 10
166 3653 222 3718 ret,
247 3646 328 3707 cerni
348 3666 412 3709 eam
429 3647 459 3708 in
478 3647 655 3727 quibusdam
677 3647 875 3728 voluptatibus
895 3655 924 3710 et
937 3647 1092 3721 molestiis,
1112 3654 1284 3729 temperan-

166 3742 270 3812 tesque
291 3742 320 3794 et
343 3735 577 3816 intemperantes
597 3745 627 3797 et
649 3736 728 3797 inter
750 3753 783 3796 se
801 3742 830 3797 el
854 3735 890 3797 ab
907 3734 972 3799 aliis
994 3755 1032 3798 eo
1053 3734 1183 3809 differre,
1203 3737 1283 3815 quod

164 3822 202 3882 ad
221 3821 389 3901 voluptates
411 3842 445 3886 ae
467 3823 619 3886 molestias
644 3823 706 3884 sint
728 3828 809 3884 certo
832 3823 923 3885 modo
952 3822 1097 3903 dispositi.
1143 3821 1283 3887 Ostendi-

164 3928 232 3970 mus
253 3918 353 3971 antem
373 3929 481 3991 supra,
512 3912 663 3993 quomodo
684 3909 930 3991 intemperantiae
948 3928 1059 3973 nomen
1077 3911 1219 3973 translate
1238 3911 1283 3972 di-

166 4004 257 4058 catur.
299 3997 355 4070 out
380 3998 459 4060 enim
483 3999 521 4060 ob
544 4007 700 4080 stuporem
720 3997 867 4077 quendam
893 3998 1094 4077 voluptatibus
1112 3997 1202 4078 plane
1221 4017 1282 4062 non

163 4092 341 4163 tanguntur,
372 4086 403 4145 bi
423 4087 459 4146 ab
491 4086 554 4148 aliis
581 4086 718 4148 homines
743 4103 849 4149 sensus
879 4093 1033 4166 expertes,
1065 4085 1102 4147 ab
1132 4084 1196 4149 aliis
1219 4086 1282 4148 aliis

118 4185 145 4229 1⁵
164 4172 336 4235 nominibus
357 4174 554 4253 appellantur.
597 4175 701 4255 Neque
716 4180 815 4239 umen
833 4171 918 4235 facile
937 4173 1088 4255 reperitur
1108 4192 1208 4254 neque
1230 4175 1282 4236 ad-

163 4260 287 4327 modum
310 4260 438 4340 vulgaris
462 4270 508 4325 est
526 4263 575 4327 bie
591 4264 715 4329 allectus
738 4267 909 4342 propterea,
934 4262 1014 4343 qrrod
1030 4279 1135 4325 omnes
1156 4261 1188 4325 io
1208 4261 1282 4324 alte·

164 4367 230 4417 ram
250 4347 349 4428 potius
373 4356 490 4431 partem
511 4358 655 4431 pascant,
683 4347 881 4429 omnibusque
899 4348 1020 4415 insitum
1039 4356 1070 4415 et
1086 4349 1221 4421 innam
1237 4357 1282 4412 est

78 4517 81 4523 Ι
165 4443 200 4499 ut
220 4435 328 4506 albus
355 4437 554 4518 ramalibus
584 4440 691 4527 cedant
720 4455 832 4520 euque
851 4436 991 4507 sumat.
1036 4435 1165 4511 usum
1181 4444 1281 4523 autam
