2784 4838
608 201 730 280 nri.
1167 191 1246 289 297

74 399 239 462 esionam
262 398 343 460 addit
360 397 471 461 unum.
505 396 571 461 Alis
590 397 733 459 fortitudo
751 396 866 458 venita
888 394 938 455 tali
956 394 1072 464 allecta,
1096 392 1143 455 oui
1164 394 1246 456 nulla

132 487 206 549 ratio
230 487 409 559 moderatur,
431 486 560 567 exempli
579 485 671 565 gratia
691 486 727 546 ab
745 503 846 546 amore
868 491 898 543 et
915 482 952 544 ab
972 483 1031 544 ira:
1050 482 1159 544 namsi
1178 485 1244 565 quis

132 582 219 648 amat,
239 576 333 636 audax
351 574 554 655 potiusquam
573 575 694 653 ignarus
714 579 768 646 est,
787 572 938 651 multaque
955 571 1086 650 pericula
1106 572 1243 647 sustinet,

132 672 165 725 ut
184 663 366 742 tyrannicida
393 663 443 723 ille
465 663 684 742 Metapontinus
705 669 735 722 et
759 660 810 722 illc
837 659 868 720 in
896 656 981 719 Creta
1006 659 1044 720 de
1070 677 1129 737 quo
1151 661 1244 723 estin

132 751 247 813 fabulis.
290 751 432 830 Idemque
451 751 485 810 lit
506 751 544 811 ob
565 750 641 812 iram
663 757 694 810 et
716 746 1006 810 excandescentiam:
1030 765 1099 808 nam
1113 756 1245 811 mentem

85 850 114 893 ὅ
134 840 289 901 exacerbat
305 839 357 900 ira.
394 839 478 899 Hanc
496 838 533 899 ob
557 856 674 899 causam
690 837 777 899 etiam
798 836 878 897 ferae
897 836 989 895 lortes
1011 851 1077 895 esse
1096 835 1244 911 videntur,

132 947 223 1007 quum
238 946 300 989 ncn
322 927 397 987 sint:
421 945 490 987 nam
514 927 562 988 ubi
582 926 771 988 exacerbatae
789 931 871 996 sunt,
891 922 942 984 tali
963 922 1136 985 fortitudine
1156 944 1244 1005 prae-

133 1015 210 1076 ditae
232 1021 319 1076 sunt:
349 1015 395 1076 sin
421 1014 535 1089 minus,
560 1033 621 1075 non
641 1021 713 1075 sunt
727 1015 836 1085 sortes,
863 1011 1113 1092 quemadmodum
1133 1031 1172 1075 ne
1191 1032 1245 1076 au·

133 1102 221 1164 daces
241 1103 360 1182 quidem
382 1103 474 1163 fortes
497 1102 554 1164 dici
574 1110 710 1183 possunt
755 1100 816 1161 Sed
835 1107 935 1160 lamen
957 1098 1083 1161 maxime
1103 1101 1245 1164 naturalis

132 1197 178 1251 est
199 1191 248 1251 illa
271 1190 431 1263 fortitudo,
459 1209 533 1270 quae
554 1190 590 1251 ab
612 1189 656 1252 ira
681 1189 777 1250 venit:
809 1205 878 1249 nam
904 1186 1081 1249 indomitum
1105 1188 1244 1268 quiddam

130 1278 173 1339 ira
196 1286 254 1339 est:
276 1297 311 1340 ex
331 1296 390 1358 quo
410 1279 443 1338 lit
464 1286 498 1338 ut
520 1279 607 1339 ctiam
627 1277 713 1359 pueri
735 1276 846 1357 optime
868 1282 1012 1356 pugnent
1053 1275 1151 1337 Civilis
1172 1296 1244 1338 vero

84 1378 113 1424 ao
132 1365 312 1428 fortitudinis
337 1384 424 1428 causa
447 1367 495 1427 lex
518 1375 563 1428 θεῖ
584 1367 743 1445 legumque
763 1362 939 1425 reverentia.
981 1362 1019 1424 nt
1039 1364 1120 1425 nulla
1138 1365 1245 1426 harum

131 1473 201 1515 vera
222 1454 364 1514 fortitudo
384 1462 445 1526 est,
473 1472 651 1534 quamquam
675 1452 713 1513 ad
735 1451 934 1513 exhortandos
953 1451 1090 1513 bomines
1110 1452 1141 1513 in
1163 1453 1245 1533 peri-

132 1541 205 1602 culis
229 1543 404 1602 constitutos
421 1543 528 1603 borum
552 1541 684 1603 omnium
706 1559 812 1620 magna
834 1538 943 1600 utilitas
965 1547 1019 1600 est.

217 1629 318 1710 ltaque
343 1630 489 1690 derebus
512 1628 694 1691 terribilibus
712 1628 743 1689 in
765 1629 938 1689 universum
961 1627 1102 1690 diximus:
1120 1629 1176 1691 sed
1194 1648 1244 1691 ao-

131 1717 260 1778 curatius
289 1737 353 1779 rem
385 1718 500 1779 deliniri
529 1724 668 1798 praestat
724 1716 880 1778 Terribilia
901 1715 991 1794 igitur
1015 1715 1046 1776 in
1070 1717 1244 1779 universum

131 1805 271 1867 dicuntur
293 1824 343 1878 ea,
376 1824 450 1885 quae
477 1806 613 1867 iniis-lunt
637 1813 760 1866 metum.
812 1803 901 1865 Cuius
930 1803 1047 1881 generis
1074 1805 1172 1866 omnia
1194 1805 1245 1866 illa

84 1904 113 1946 ³⁵
133 1901 212 1965 sunt,
234 1911 309 1971 quae
324 1894 463 1954 videntur
478 1893 666 1954 sillictionem
686 1911 787 1953 creare
807 1890 1021 1971 perniciosam:
1040 1910 1109 1952 nam
1128 1911 1184 1973 per
1200 1912 1244 1967 ea,

129 1999 186 2060 per
213 1999 287 2059 quae
319 1981 431 2042 homini
459 1982 513 2042 alia
544 1981 688 2061 quaedam
714 1980 833 2041 afflictio
857 1985 997 2059 paratur,
1025 1980 1099 2041 abus
1125 1980 1244 2060 quidam

130 2068 216 2128 dolor
234 2069 367 2148 aliusque
388 2070 510 2130 allectus
531 2069 674 2140 efficitur,
700 2068 754 2128 sed
777 2085 838 2128 non
861 2073 973 2128 metus:
1000 2067 1130 2148 exempli
1157 2088 1244 2130 causa

129 2156 155 2215 si
171 2156 236 2237 quis
256 2156 427 2235 praevideat
448 2177 481 2218 se
504 2157 665 2217 doliturum
689 2174 755 2216 esse
778 2155 913 2216 dolorem
933 2173 1010 2229 eum,
1035 2174 1123 2236 quem
1142 2157 1245 2218 dolent

128 2243 265 2305 homines
287 2244 394 2317 invidi,
424 2246 470 2305 vel
493 2263 578 2317 eum,
608 2262 695 2324 quem
719 2244 901 2305 aemulantes
926 2243 973 2303 rel
1000 2245 1117 2324 pudore
1138 2245 1244 2306 affecti.

129 2331 238 2392 Verum
252 2340 349 2393 metus
361 2333 397 2393 de
411 2333 518 2394 talibus
531 2332 735 2393 tantummodo
748 2332 902 2392 doloribus
914 2331 1017 2405 oritur,
1034 2351 1109 2412 quos
1121 2341 1247 2414 apparet

128 2420 302 2492 adventare,
335 2429 364 2481 et
386 2440 512 2501 quorum
536 2421 579 2480 vis
604 2439 638 2481 ac
658 2428 763 2481 natura
781 2419 917 2481 homines
939 2420 998 2480 rita
1018 2420 1137 2501 privare
1158 2420 1244 2483 solet.

74 2506 231 2586 sellaque
247 2508 384 2568 nonnulli
407 2528 497 2587 quum
515 2509 574 2569 sint
590 2508 750 2569 admodum
765 2506 881 2580 molles,
903 2507 934 2569 in
953 2507 1129 2588 quibusdam
1145 2515 1244 2571 tamen

127 2596 216 2655 rebus
239 2596 331 2656 sortes
358 2604 521 2676 apparent,
550 2596 681 2674 itemque
705 2595 841 2657 nonnulli
863 2595 929 2656 duri
952 2603 981 2656 et
1005 2596 1168 2657 tolerantes
1188 2598 1245 2658 bo—

128 2683 224 2743 mines
244 2683 330 2744 etiam
352 2684 448 2762 ignavi
471 2684 672 2765 reperiuntur.
711 2684 772 2745 lam
789 2683 905 2744 videtur
921 2683 984 2745 lere
1006 2684 1162 2765 proprium
1180 2703 1246 2746 esse

130 2771 311 2832 fortitudinis
334 2779 366 2832 ut
388 2774 478 2834 homo
498 2772 535 2834 ad
558 2779 686 2833 mortem
708 2771 873 2850 mortisque
896 2771 1030 2833 dolorem
1053 2779 1134 2834 certo
1154 2773 1245 2834 modo

96 2859 253 2919 tellectus
276 2860 322 2920 sit.
363 2860 436 2921 Nam
456 2860 481 2920 si
508 2859 572 2940 quis
591 2859 631 2919 sit
650 2858 810 2931 eiusmodi,
833 2866 867 2919 ut
889 2860 1004 2920 calores
1028 2866 1058 2920 et
1076 2859 1186 2938 frigora
1204 2861 1245 2921 si-

130 2946 274 3026 milesque
298 2946 449 3008 molestias
476 2948 515 3009 ita
538 2946 683 3008 sustineat
703 2955 737 3007 ut
758 2947 841 3008 iubet
862 2946 954 3020 ratio,
977 2965 1069 3027 quum
1089 2946 1157 3009 illae
1178 2967 1245 3012 mo-

127 3034 230 3095 lestiae
249 3053 310 3095 non
333 3036 393 3096 sint
413 3036 608 3115 periculosae,
632 3035 711 3095 idem
732 3040 832 3095 autern
854 3033 890 3093 ad
912 3042 1041 3095 mortem
1062 3034 1163 3095 mollis
1181 3035 1245 3096 lor-

128 3121 351 3202 midolosusque
374 3123 428 3196 sit,
451 3143 513 3185 non
533 3123 570 3183 ob
594 3122 683 3183 alium
706 3122 859 3194 allectum,
882 3121 935 3182 scd
959 3121 997 3182 ob
1021 3121 1120 3201 ipsum
1140 3121 1245 3185 interi-

129 3217 205 3269 lum:
230 3210 254 3270 si
277 3219 375 3272 autem
398 3211 471 3272 alius
494 3212 530 3273 ad
551 3210 600 3271 illa
618 3209 736 3289 quidem
753 3208 851 3271 mollis
872 3207 920 3282 sit,
941 3209 979 3270 ad
995 3215 1123 3271 mortem
1146 3216 1244 3273 autem

82 3314 109 3358 ro
129 3307 210 3358 metu
226 3317 351 3360 vacuus:
369 3299 419 3360 ille
435 3318 506 3361 sane
526 3298 655 3370 timidus,
670 3297 719 3359 bic
732 3316 803 3357 vero
819 3295 903 3358 fortis
920 3316 986 3358 esse
999 3297 1146 3371 videatur,
1171 3297 1244 3361 Nam

128 3385 164 3445 de
184 3386 318 3465 periculo
337 3388 542 3448 tantummodo
561 3385 592 3446 in
614 3385 759 3447 eiusmodi
777 3385 868 3447 rebus
889 3384 1069 3461 terribilibus
1084 3384 1244 3464 loquimur,

127 3492 217 3551 quum
233 3492 329 3553 prope
350 3482 395 3535 est
413 3475 495 3545 illud,
516 3473 596 3553 quod
613 3474 701 3535 talem
720 3472 894 3554 perniciem,
905 3472 1021 3534 efficiat.
1053 3472 1177 3535 Videtur
1191 3492 1245 3535 au-

127 3569 187 3621 tern
218 3561 401 3641 periculum,
434 3582 524 3641 quum
547 3562 593 3633 id,
622 3561 703 3641 quod
734 3560 898 3641 perniciem
922 3560 1038 3633 efficiat,
1058 3580 1156 3641 prope
1178 3581 1245 3625 esse

126 3656 259 3728 apparet.
301 3650 403 3722 Qualia
425 3650 514 3729 igitur
536 3648 596 3710 sint
610 3648 660 3709 illa
676 3647 826 3722 terribilia,
848 3648 1002 3728 inquibus
1024 3647 1120 3711 virum
1136 3650 1245 3714 sortem

127 3737 209 3797 cerni
232 3737 380 3809 dicamus,
404 3738 599 3816 significatum
619 3743 680 3797 est:
703 3755 772 3798 nam
795 3756 829 3798 ea
853 3737 988 3810 dicimus,
1011 3754 1086 3818 quae
1109 3737 1244 3800 dolorem

79 3831 106 3875 1³
126 3824 328 3904 perniciosum
346 3826 464 3886 efficere
481 3825 645 3886 videantur.
676 3824 785 3886 Verum
800 3826 874 3886 baec
888 3825 953 3906 ipsa
969 3843 1094 3886 necesse
1110 3832 1157 3887 est
1171 3844 1244 3906 pro-

126 3911 237 3993 pinqua
260 3931 294 3973 ac
312 3933 373 3974 non
396 3921 509 3974 remota
535 3912 638 3983 videri,
659 3918 799 3992 lanaque
817 3908 1020 3990 magnitudine
1036 3918 1087 3972 aut
1109 3931 1175 3974 esse
1194 3920 1245 3975 aut

126 4019 193 4060 esse
212 4000 305 4060 rideri
326 4019 451 4062 necesse
471 4008 525 4073 θεῖ,
546 4006 579 4061 ut
597 4001 743 4060 humanae
759 4006 883 4060 naturae
900 3999 1112 4081 respondeant
1144 3999 1243 4074 Quae·

127 4089 193 4148 dam
218 4088 298 4149 enirn
317 4089 486 4150 necessario
509 4087 600 4149 cuivis
617 4086 730 4148 homini
751 4086 895 4149 terribilia
913 4095 984 4149 sunt
1006 4100 1170 4168 omnesque
1187 4089 1243 4150 bo-

124 4176 220 4237 mines
244 4183 423 4238 exsternant.
468 4175 724 4250 Quemadmodum
748 4175 827 4236 enim
855 4174 948 4237 calida
969 4183 1000 4236 cl
1027 4173 1132 4254 frigida
1153 4175 1243 4259 aliae·

77 4277 108 4320 ao
128 4283 186 4345 que
206 4264 351 4343 quaedam
373 4263 451 4326 vires
481 4264 557 4325 ultra
585 4281 642 4325 nos
663 4263 800 4341 ultraque
822 4262 943 4324 humani
969 4262 1105 4344 eorporis
1126 4263 1243 4327 babitus

123 4359 196 4413 sunt
222 4353 266 4430 [ut
287 4351 428 4414 resistere
449 4351 485 4412 iis
506 4353 596 4413 bomo
619 4351 777 4431 nequead,
808 4348 848 4412 ita
873 4349 947 4413 nibil
974 4357 1054 4413 velat
1082 4349 1155 4431 qui!
1183 4351 1244 4414 sint

125 4439 213 4501 etiam
236 4440 380 4521 quaedam
401 4439 490 4502 animi
507 4438 680 4502 affectiones
699 4437 826 4502 bumana
847 4445 956 4502 namra
979 4437 1160 4521 superiores
1200 4438 1244 4502 Ac
